<?xml version="1.0" encoding="UTF-8"?><Document xmlns="urn:iso:std:iso:20022:tech:xsd:camt.053.001.02"><BkToCstmrStmt><GrpHdr><MsgId>2025121111359761220001</MsgId><CreDtTm>2025-12-11T14:21:58</CreDtTm></GrpHdr><Stmt><Id>1135976122-EUR-1</Id><ElctrncSeqNb>1135976122</ElctrncSeqNb><CreDtTm>2025-12-11T14:21:53</CreDtTm><FrToDt><FrDtTm>2025-11-01T00:00:00</FrDtTm><ToDtTm>2025-11-30T23:59:59</ToDtTm></FrToDt><Acct><Id><IBAN>LT677300010187899296</IBAN></Id><Ccy>EUR</Ccy><Ownr><Nm>MB RASTILA</Nm><PstlAdr><Ctry>LT</Ctry><AdrLine>RYTO G. 1-1, RAMUČIAI, KAUNO RAJ.</AdrLine></PstlAdr><Id><OrgId><Othr><Id>304615435</Id></Othr></OrgId></Id></Ownr><Svcr><FinInstnId><BIC>HABALT22</BIC><Nm>Swedbank AB</Nm><PstlAdr><Ctry>LT</Ctry><AdrLine>Konstitucijos pr. 20A, 03502 Vilnius</AdrLine></PstlAdr><Othr><Id>112029651</Id><SchmeNm><Cd>COID</Cd></SchmeNm></Othr></FinInstnId></Svcr></Acct><Bal><Tp><CdOrPrtry><Cd>OPBD</Cd></CdOrPrtry></Tp><CdtLine><Incl>false</Incl></CdtLine><Amt Ccy="EUR">10791.54</Amt><CdtDbtInd>CRDT</CdtDbtInd><Dt><Dt>2025-11-01</Dt></Dt></Bal><Bal><Tp><CdOrPrtry><Cd>CLBD</Cd></CdOrPrtry></Tp><Amt Ccy="EUR">1677.99</Amt><CdtDbtInd>CRDT</CdtDbtInd><Dt><Dt>2025-11-30</Dt></Dt></Bal><TxsSummry><TtlCdtNtries><NbOfNtries>86</NbOfNtries><Sum>10165.99</Sum></TtlCdtNtries><TtlDbtNtries><NbOfNtries>29</NbOfNtries><Sum>19279.54</Sum></TtlDbtNtries></TxsSummry><Ntry><NtryRef>2025110102814582-1</NtryRef><Amt Ccy="EUR">69.58</Amt><CdtDbtInd>DBIT</CdtDbtInd><Sts>BOOK</Sts><BookgDt><Dt>2025-11-01</Dt></BookgDt><ValDt><Dt>2025-11-01</Dt></ValDt><AcctSvcrRef>2025110102814582-1</AcctSvcrRef><BkTxCd><Domn><Cd>PMNT</Cd><Fmly><Cd>CCRD</Cd><SubFmlyCd>POSD</SubFmlyCd></Fmly></Domn><Prtry><Cd>K</Cd><Issr>Swedbank AB</Issr></Prtry></BkTxCd><NtryDtls><TxDtls><Refs><AcctSvcrRef>2025110102814582-1</AcctSvcrRef></Refs><AmtDtls><TxAmt><Amt Ccy="EUR">69.58</Amt></TxAmt></AmtDtls><RltdPties></RltdPties><RmtInf><Ustrd>PIRKINYS 558595******9517 2025.10.28 69.58 EUR (728266) RYANAIR224RSHYMC      LT-54-460 KAUNO</Ustrd></RmtInf></TxDtls></NtryDtls></Ntry><Ntry><NtryRef>2025110102815249-1</NtryRef><Amt Ccy="EUR">989.50</Amt><CdtDbtInd>DBIT</CdtDbtInd><Sts>BOOK</Sts><BookgDt><Dt>2025-11-01</Dt></BookgDt><ValDt><Dt>2025-11-01</Dt></ValDt><AcctSvcrRef>2025110102815249-1</AcctSvcrRef><BkTxCd><Domn><Cd>PMNT</Cd><Fmly><Cd>CCRD</Cd><SubFmlyCd>POSD</SubFmlyCd></Fmly></Domn><Prtry><Cd>K</Cd><Issr>Swedbank AB</Issr></Prtry></BkTxCd><NtryDtls><TxDtls><Refs><AcctSvcrRef>2025110102815249-1</AcctSvcrRef></Refs><AmtDtls><TxAmt><Amt Ccy="EUR">989.50</Amt></TxAmt></AmtDtls><RltdPties></RltdPties><RmtInf><Ustrd>PIRKINYS 558595******0201 2025.09.29 989.50 EUR (785784) ALEX GROUP SRL 50019 SESTO FIORENT</Ustrd></RmtInf></TxDtls></NtryDtls></Ntry><Ntry><NtryRef>2025110102817826-1</NtryRef><Amt Ccy="EUR">26.44</Amt><CdtDbtInd>DBIT</CdtDbtInd><Sts>BOOK</Sts><BookgDt><Dt>2025-11-01</Dt></BookgDt><ValDt><Dt>2025-11-01</Dt></ValDt><AcctSvcrRef>2025110102817826-1</AcctSvcrRef><BkTxCd><Domn><Cd>PMNT</Cd><Fmly><Cd>CCRD</Cd><SubFmlyCd>POSD</SubFmlyCd></Fmly></Domn><Prtry><Cd>K</Cd><Issr>Swedbank AB</Issr></Prtry></BkTxCd><NtryDtls><TxDtls><Refs><AcctSvcrRef>2025110102817826-1</AcctSvcrRef></Refs><AmtDtls><TxAmt><Amt Ccy="EUR">26.44</Amt></TxAmt></AmtDtls><RltdPties></RltdPties><RmtInf><Ustrd>PIRKINYS 558595******9517 2025.10.04 26.44 EUR (554537) IKEA PUP KAUNAS\JONAVOS G. 60\KAUNAS\44192\LTULTU</Ustrd></RmtInf></TxDtls></NtryDtls></Ntry><Ntry><NtryRef>2025110102819070-1</NtryRef><Amt Ccy="EUR">7.34</Amt><CdtDbtInd>DBIT</CdtDbtInd><Sts>BOOK</Sts><BookgDt><Dt>2025-11-01</Dt></BookgDt><ValDt><Dt>2025-11-01</Dt></ValDt><AcctSvcrRef>2025110102819070-1</AcctSvcrRef><BkTxCd><Domn><Cd>PMNT</Cd><Fmly><Cd>CCRD</Cd><SubFmlyCd>POSD</SubFmlyCd></Fmly></Domn><Prtry><Cd>K</Cd><Issr>Swedbank AB</Issr></Prtry></BkTxCd><NtryDtls><TxDtls><Refs><AcctSvcrRef>2025110102819070-1</AcctSvcrRef></Refs><AmtDtls><TxAmt><Amt Ccy="EUR">7.34</Amt></TxAmt></AmtDtls><RltdPties></RltdPties><RmtInf><Ustrd>PIRKINYS 558595******9517 2025.10.14 7.34 EUR (293481) CAR HIRE FROM CARFLEXI 6300 ZUG          </Ustrd></RmtInf></TxDtls></NtryDtls></Ntry><Ntry><NtryRef>2025110102824709-1</NtryRef><Amt Ccy="EUR">13.14</Amt><CdtDbtInd>DBIT</CdtDbtInd><Sts>BOOK</Sts><BookgDt><Dt>2025-11-01</Dt></BookgDt><ValDt><Dt>2025-11-01</Dt></ValDt><AcctSvcrRef>2025110102824709-1</AcctSvcrRef><BkTxCd><Domn><Cd>PMNT</Cd><Fmly><Cd>CCRD</Cd><SubFmlyCd>POSD</SubFmlyCd></Fmly></Domn><Prtry><Cd>K</Cd><Issr>Swedbank AB</Issr></Prtry></BkTxCd><NtryDtls><TxDtls><Refs><AcctSvcrRef>2025110102824709-1</AcctSvcrRef></Refs><AmtDtls><TxAmt><Amt Ccy="EUR">13.14</Amt></TxAmt></AmtDtls><RltdPties></RltdPties><RmtInf><Ustrd>PIRKINYS 558595******9517 2025.10.14 13.14 EUR (414677) DOYOUITALY.COM         12006 CASTELLON DE </Ustrd></RmtInf></TxDtls></NtryDtls></Ntry><Ntry><NtryRef>2025110102827270-1</NtryRef><Amt Ccy="EUR">150.54</Amt><CdtDbtInd>DBIT</CdtDbtInd><Sts>BOOK</Sts><BookgDt><Dt>2025-11-01</Dt></BookgDt><ValDt><Dt>2025-11-01</Dt></ValDt><AcctSvcrRef>2025110102827270-1</AcctSvcrRef><BkTxCd><Domn><Cd>PMNT</Cd><Fmly><Cd>CCRD</Cd><SubFmlyCd>POSD</SubFmlyCd></Fmly></Domn><Prtry><Cd>K</Cd><Issr>Swedbank AB</Issr></Prtry></BkTxCd><NtryDtls><TxDtls><Refs><AcctSvcrRef>2025110102827270-1</AcctSvcrRef></Refs><AmtDtls><TxAmt><Amt Ccy="EUR">150.54</Amt></TxAmt></AmtDtls><RltdPties></RltdPties><RmtInf><Ustrd>PIRKINYS 558595******9517 2025.10.05 150.54 EUR (004927) RYANAIR224ENEV5L      LT-54-460 KAUNO</Ustrd></RmtInf></TxDtls></NtryDtls></Ntry><Ntry><NtryRef>2025110102831746-1</NtryRef><Amt Ccy="EUR">40.80</Amt><CdtDbtInd>DBIT</CdtDbtInd><Sts>BOOK</Sts><BookgDt><Dt>2025-11-01</Dt></BookgDt><ValDt><Dt>2025-11-01</Dt></ValDt><AcctSvcrRef>2025110102831746-1</AcctSvcrRef><BkTxCd><Domn><Cd>PMNT</Cd><Fmly><Cd>CCRD</Cd><SubFmlyCd>POSD</SubFmlyCd></Fmly></Domn><Prtry><Cd>K</Cd><Issr>Swedbank AB</Issr></Prtry></BkTxCd><NtryDtls><TxDtls><Refs><AcctSvcrRef>2025110102831746-1</AcctSvcrRef></Refs><AmtDtls><TxAmt><Amt Ccy="EUR">40.80</Amt></TxAmt></AmtDtls><RltdPties></RltdPties><RmtInf><Ustrd>PIRKINYS 558595******9517 2025.10.02 40.80 EUR (523896) UAB INTERPAKAS\PRAMONES PR. 16 (RYTU RAM\KAUNAS\51186\LTULTU</Ustrd></RmtInf></TxDtls></NtryDtls></Ntry><Ntry><NtryRef>2025110102836982-1</NtryRef><Amt Ccy="EUR">203.55</Amt><CdtDbtInd>DBIT</CdtDbtInd><Sts>BOOK</Sts><BookgDt><Dt>2025-11-01</Dt></BookgDt><ValDt><Dt>2025-11-01</Dt></ValDt><AcctSvcrRef>2025110102836982-1</AcctSvcrRef><BkTxCd><Domn><Cd>PMNT</Cd><Fmly><Cd>CCRD</Cd><SubFmlyCd>POSD</SubFmlyCd></Fmly></Domn><Prtry><Cd>K</Cd><Issr>Swedbank AB</Issr></Prtry></BkTxCd><NtryDtls><TxDtls><Refs><AcctSvcrRef>2025110102836982-1</AcctSvcrRef></Refs><AmtDtls><TxAmt><Amt Ccy="EUR">203.55</Amt></TxAmt></AmtDtls><RltdPties></RltdPties><RmtInf><Ustrd>PIRKINYS 558595******9517 2025.10.29 203.55 EUR (051721) PaperSeal 45188 Kaunas</Ustrd></RmtInf></TxDtls></NtryDtls></Ntry><Ntry><NtryRef>2025110102840248-1</NtryRef><Amt Ccy="EUR">2047.80</Amt><CdtDbtInd>DBIT</CdtDbtInd><Sts>BOOK</Sts><BookgDt><Dt>2025-11-01</Dt></BookgDt><ValDt><Dt>2025-11-01</Dt></ValDt><AcctSvcrRef>2025110102840248-1</AcctSvcrRef><BkTxCd><Domn><Cd>PMNT</Cd><Fmly><Cd>CCRD</Cd><SubFmlyCd>POSD</SubFmlyCd></Fmly></Domn><Prtry><Cd>K</Cd><Issr>Swedbank AB</Issr></Prtry></BkTxCd><NtryDtls><TxDtls><Refs><AcctSvcrRef>2025110102840248-1</AcctSvcrRef></Refs><AmtDtls><TxAmt><Amt Ccy="EUR">2047.80</Amt></TxAmt></AmtDtls><RltdPties></RltdPties><RmtInf><Ustrd>PIRKINYS 558595******9517 2025.10.19 2047.80 EUR (392254) ECHO MODA 59100 PRATO</Ustrd></RmtInf></TxDtls></NtryDtls></Ntry><Ntry><NtryRef>2025110102840252-1</NtryRef><Amt Ccy="EUR">161.30</Amt><CdtDbtInd>DBIT</CdtDbtInd><Sts>BOOK</Sts><BookgDt><Dt>2025-11-01</Dt></BookgDt><ValDt><Dt>2025-11-01</Dt></ValDt><AcctSvcrRef>2025110102840252-1</AcctSvcrRef><BkTxCd><Domn><Cd>PMNT</Cd><Fmly><Cd>CCRD</Cd><SubFmlyCd>POSD</SubFmlyCd></Fmly></Domn><Prtry><Cd>K</Cd><Issr>Swedbank AB</Issr></Prtry></BkTxCd><NtryDtls><TxDtls><Refs><AcctSvcrRef>2025110102840252-1</AcctSvcrRef></Refs><AmtDtls><TxAmt><Amt Ccy="EUR">161.30</Amt></TxAmt></AmtDtls><RltdPties></RltdPties><RmtInf><Ustrd>PIRKINYS 558595******9517 2025.10.19 161.30 EUR (399990) ECHO MODA 59100 PRATO</Ustrd></RmtInf></TxDtls></NtryDtls></Ntry><Ntry><NtryRef>2025110102840740-1</NtryRef><Amt Ccy="EUR">3157.60</Amt><CdtDbtInd>DBIT</CdtDbtInd><Sts>BOOK</Sts><BookgDt><Dt>2025-11-01</Dt></BookgDt><ValDt><Dt>2025-11-01</Dt></ValDt><AcctSvcrRef>2025110102840740-1</AcctSvcrRef><BkTxCd><Domn><Cd>PMNT</Cd><Fmly><Cd>CCRD</Cd><SubFmlyCd>POSD</SubFmlyCd></Fmly></Domn><Prtry><Cd>K</Cd><Issr>Swedbank AB</Issr></Prtry></BkTxCd><NtryDtls><TxDtls><Refs><AcctSvcrRef>2025110102840740-1</AcctSvcrRef></Refs><AmtDtls><TxAmt><Amt Ccy="EUR">3157.60</Amt></TxAmt></AmtDtls><RltdPties></RltdPties><RmtInf><Ustrd>PIRKINYS 558595******9517 2025.10.18 3157.60 EUR (315485) MELANY                 59100 PRATO</Ustrd></RmtInf></TxDtls></NtryDtls></Ntry><Ntry><NtryRef>2025110102840742-1</NtryRef><Amt Ccy="EUR">639.00</Amt><CdtDbtInd>DBIT</CdtDbtInd><Sts>BOOK</Sts><BookgDt><Dt>2025-11-01</Dt></BookgDt><ValDt><Dt>2025-11-01</Dt></ValDt><AcctSvcrRef>2025110102840742-1</AcctSvcrRef><BkTxCd><Domn><Cd>PMNT</Cd><Fmly><Cd>CCRD</Cd><SubFmlyCd>POSD</SubFmlyCd></Fmly></Domn><Prtry><Cd>K</Cd><Issr>Swedbank AB</Issr></Prtry></BkTxCd><NtryDtls><TxDtls><Refs><AcctSvcrRef>2025110102840742-1</AcctSvcrRef></Refs><AmtDtls><TxAmt><Amt Ccy="EUR">639.00</Amt></TxAmt></AmtDtls><RltdPties></RltdPties><RmtInf><Ustrd>PIRKINYS 558595******9517 2025.10.18 639.00 EUR (270629) SHAKEN                 59100 PRATO</Ustrd></RmtInf></TxDtls></NtryDtls></Ntry><Ntry><NtryRef>2025110102845626-1</NtryRef><Amt Ccy="EUR">2542.80</Amt><CdtDbtInd>DBIT</CdtDbtInd><Sts>BOOK</Sts><BookgDt><Dt>2025-11-01</Dt></BookgDt><ValDt><Dt>2025-11-01</Dt></ValDt><AcctSvcrRef>2025110102845626-1</AcctSvcrRef><BkTxCd><Domn><Cd>PMNT</Cd><Fmly><Cd>CCRD</Cd><SubFmlyCd>POSD</SubFmlyCd></Fmly></Domn><Prtry><Cd>K</Cd><Issr>Swedbank AB</Issr></Prtry></BkTxCd><NtryDtls><TxDtls><Refs><AcctSvcrRef>2025110102845626-1</AcctSvcrRef></Refs><AmtDtls><TxAmt><Amt Ccy="EUR">2542.80</Amt></TxAmt></AmtDtls><RltdPties></RltdPties><RmtInf><Ustrd>PIRKINYS 558595******9517 2025.10.18 2542.80 EUR (660928) MOOIJ 59100 PRATO</Ustrd></RmtInf></TxDtls></NtryDtls></Ntry><Ntry><NtryRef>2025110102847246-1</NtryRef><Amt Ccy="EUR">114.98</Amt><CdtDbtInd>DBIT</CdtDbtInd><Sts>BOOK</Sts><BookgDt><Dt>2025-11-01</Dt></BookgDt><ValDt><Dt>2025-11-01</Dt></ValDt><AcctSvcrRef>2025110102847246-1</AcctSvcrRef><BkTxCd><Domn><Cd>PMNT</Cd><Fmly><Cd>CCRD</Cd><SubFmlyCd>POSD</SubFmlyCd></Fmly></Domn><Prtry><Cd>K</Cd><Issr>Swedbank AB</Issr></Prtry></BkTxCd><NtryDtls><TxDtls><Refs><AcctSvcrRef>2025110102847246-1</AcctSvcrRef></Refs><AmtDtls><TxAmt><Amt Ccy="EUR">114.98</Amt></TxAmt></AmtDtls><RltdPties></RltdPties><RmtInf><Ustrd>PIRKINYS 558595******9517 2025.10.09 114.98 EUR (847893) RYANAIR224RSG5JC      LT-54-460 KAUNO</Ustrd></RmtInf></TxDtls></NtryDtls></Ntry><Ntry><NtryRef>2025110102854337-1</NtryRef><Amt Ccy="EUR">80.68</Amt><CdtDbtInd>DBIT</CdtDbtInd><Sts>BOOK</Sts><BookgDt><Dt>2025-11-01</Dt></BookgDt><ValDt><Dt>2025-11-01</Dt></ValDt><AcctSvcrRef>2025110102854337-1</AcctSvcrRef><BkTxCd><Domn><Cd>PMNT</Cd><Fmly><Cd>CCRD</Cd><SubFmlyCd>POSD</SubFmlyCd></Fmly></Domn><Prtry><Cd>K</Cd><Issr>Swedbank AB</Issr></Prtry></BkTxCd><NtryDtls><TxDtls><Refs><AcctSvcrRef>2025110102854337-1</AcctSvcrRef></Refs><AmtDtls><TxAmt><Amt Ccy="EUR">80.68</Amt></TxAmt></AmtDtls><RltdPties></RltdPties><RmtInf><Ustrd>PIRKINYS 558595******9517 2025.10.06 80.68 EUR (882148) CIRCLE K SAVANORIU PR. 50120 KAUNAS       </Ustrd></RmtInf></TxDtls></NtryDtls></Ntry><Ntry><NtryRef>2025110102858087-1</NtryRef><Amt Ccy="EUR">75.60</Amt><CdtDbtInd>DBIT</CdtDbtInd><Sts>BOOK</Sts><BookgDt><Dt>2025-11-01</Dt></BookgDt><ValDt><Dt>2025-11-01</Dt></ValDt><AcctSvcrRef>2025110102858087-1</AcctSvcrRef><BkTxCd><Domn><Cd>PMNT</Cd><Fmly><Cd>CCRD</Cd><SubFmlyCd>POSD</SubFmlyCd></Fmly></Domn><Prtry><Cd>K</Cd><Issr>Swedbank AB</Issr></Prtry></BkTxCd><NtryDtls><TxDtls><Refs><AcctSvcrRef>2025110102858087-1</AcctSvcrRef></Refs><AmtDtls><TxAmt><Amt Ccy="EUR">75.60</Amt></TxAmt></AmtDtls><RltdPties></RltdPties><RmtInf><Ustrd>PIRKINYS 558595******9517 2025.10.06 75.60 EUR (431977) PaperSeal 45188 Kaunas</Ustrd></RmtInf></TxDtls></NtryDtls></Ntry><Ntry><NtryRef>2025110102859159-1</NtryRef><Amt Ccy="EUR">321.35</Amt><CdtDbtInd>DBIT</CdtDbtInd><Sts>BOOK</Sts><BookgDt><Dt>2025-11-01</Dt></BookgDt><ValDt><Dt>2025-11-01</Dt></ValDt><AcctSvcrRef>2025110102859159-1</AcctSvcrRef><BkTxCd><Domn><Cd>PMNT</Cd><Fmly><Cd>CCRD</Cd><SubFmlyCd>POSD</SubFmlyCd></Fmly></Domn><Prtry><Cd>K</Cd><Issr>Swedbank AB</Issr></Prtry></BkTxCd><NtryDtls><TxDtls><Refs><AcctSvcrRef>2025110102859159-1</AcctSvcrRef></Refs><AmtDtls><TxAmt><Amt Ccy="EUR">321.35</Amt></TxAmt></AmtDtls><RltdPties></RltdPties><RmtInf><Ustrd>PIRKINYS 558595******9517 2025.10.15 321.35 EUR (497674) SICILY RENT CAR 56121 PISA</Ustrd></RmtInf></TxDtls></NtryDtls></Ntry><Ntry><NtryRef>2025110102859264-1</NtryRef><Amt Ccy="EUR">432.00</Amt><CdtDbtInd>DBIT</CdtDbtInd><Sts>BOOK</Sts><BookgDt><Dt>2025-11-01</Dt></BookgDt><ValDt><Dt>2025-11-01</Dt></ValDt><AcctSvcrRef>2025110102859264-1</AcctSvcrRef><BkTxCd><Domn><Cd>PMNT</Cd><Fmly><Cd>CCRD</Cd><SubFmlyCd>POSD</SubFmlyCd></Fmly></Domn><Prtry><Cd>K</Cd><Issr>Swedbank AB</Issr></Prtry></BkTxCd><NtryDtls><TxDtls><Refs><AcctSvcrRef>2025110102859264-1</AcctSvcrRef></Refs><AmtDtls><TxAmt><Amt Ccy="EUR">432.00</Amt></TxAmt></AmtDtls><RltdPties></RltdPties><RmtInf><Ustrd>PIRKINYS 558595******9517 2025.10.15 432.00 EUR (875944) LA RUGEA RESORT        59100 PRATO        </Ustrd></RmtInf></TxDtls></NtryDtls></Ntry><Ntry><NtryRef>2025110102868174-1</NtryRef><Amt Ccy="EUR">18.40</Amt><CdtDbtInd>DBIT</CdtDbtInd><Sts>BOOK</Sts><BookgDt><Dt>2025-11-01</Dt></BookgDt><ValDt><Dt>2025-11-01</Dt></ValDt><AcctSvcrRef>2025110102868174-1</AcctSvcrRef><BkTxCd><Domn><Cd>PMNT</Cd><Fmly><Cd>CCRD</Cd><SubFmlyCd>POSD</SubFmlyCd></Fmly></Domn><Prtry><Cd>K</Cd><Issr>Swedbank AB</Issr></Prtry></BkTxCd><NtryDtls><TxDtls><Refs><AcctSvcrRef>2025110102868174-1</AcctSvcrRef></Refs><AmtDtls><TxAmt><Amt Ccy="EUR">18.40</Amt></TxAmt></AmtDtls><RltdPties></RltdPties><RmtInf><Ustrd>PIRKINYS 558595******9517 2025.10.26 18.40 EUR (925306) OPENAI *CHATGPT SUBSCR D01 YC43 DUBLIN</Ustrd></RmtInf></TxDtls></NtryDtls></Ntry><Ntry><NtryRef>2025110102872476-1</NtryRef><Amt Ccy="EUR">1500.40</Amt><CdtDbtInd>DBIT</CdtDbtInd><Sts>BOOK</Sts><BookgDt><Dt>2025-11-01</Dt></BookgDt><ValDt><Dt>2025-11-01</Dt></ValDt><AcctSvcrRef>2025110102872476-1</AcctSvcrRef><BkTxCd><Domn><Cd>PMNT</Cd><Fmly><Cd>CCRD</Cd><SubFmlyCd>POSD</SubFmlyCd></Fmly></Domn><Prtry><Cd>K</Cd><Issr>Swedbank AB</Issr></Prtry></BkTxCd><NtryDtls><TxDtls><Refs><AcctSvcrRef>2025110102872476-1</AcctSvcrRef></Refs><AmtDtls><TxAmt><Amt Ccy="EUR">1500.40</Amt></TxAmt></AmtDtls><RltdPties></RltdPties><RmtInf><Ustrd>PIRKINYS 558595******0201 2025.09.29 1500.40 EUR (784373) ALEX GROUP SRL 50019 SESTO FIORENT</Ustrd></RmtInf></TxDtls></NtryDtls></Ntry><Ntry><NtryRef>2025110102874626-2</NtryRef><Amt Ccy="EUR">1801.26</Amt><CdtDbtInd>CRDT</CdtDbtInd><Sts>BOOK</Sts><BookgDt><Dt>2025-11-01</Dt></BookgDt><ValDt><Dt>2025-11-01</Dt></ValDt><AcctSvcrRef>2025110102874626-2</AcctSvcrRef><BkTxCd><Domn><Cd>PMNT</Cd><Fmly><Cd>NTAV</Cd><SubFmlyCd>NTAV</SubFmlyCd></Fmly></Domn><Prtry><Cd>M</Cd><Issr>Swedbank AB</Issr></Prtry></BkTxCd><NtryDtls><TxDtls><Refs><AcctSvcrRef>2025110102874626-2</AcctSvcrRef></Refs><AmtDtls><TxAmt><Amt Ccy="EUR">1801.26</Amt></TxAmt></AmtDtls><RltdPties><Dbtr><Nm>MB RASTILA</Nm></Dbtr><DbtrAcct><Id><IBAN>LT777300010152945942</IBAN></Id></DbtrAcct></RltdPties><RltdAgts><DbtrAgt><FinInstnId><BIC>HABALT22XXX</BIC></FinInstnId></DbtrAgt></RltdAgts><RmtInf><Ustrd>Panaudoto kredito grąžinimas: : 24-050463-RK</Ustrd></RmtInf></TxDtls></NtryDtls></Ntry><Ntry><NtryRef>2025110202532400-1</NtryRef><Amt Ccy="EUR">1346.82</Amt><CdtDbtInd>DBIT</CdtDbtInd><Sts>BOOK</Sts><BookgDt><Dt>2025-11-02</Dt></BookgDt><ValDt><Dt>2025-11-02</Dt></ValDt><AcctSvcrRef>2025110202532400-1</AcctSvcrRef><BkTxCd><Domn><Cd>PMNT</Cd><Fmly><Cd>ICDT</Cd><SubFmlyCd>ESCT</SubFmlyCd></Fmly></Domn><Prtry><Cd>MK</Cd><Issr>Swedbank AB</Issr></Prtry></BkTxCd><NtryDtls><TxDtls><Refs><AcctSvcrRef>2025110202532400-1</AcctSvcrRef><InstrId>63</InstrId></Refs><AmtDtls><InstdAmt><Amt Ccy="EUR">1346.82</Amt></InstdAmt><TxAmt><Amt Ccy="EUR">1346.82</Amt></TxAmt></AmtDtls><RltdPties><Cdtr><Nm>Medas Textile</Nm></Cdtr><CdtrAcct><Id><IBAN>PL86109025900000000133942063</IBAN></Id></CdtrAcct></RltdPties><RltdAgts><CdtrAgt><FinInstnId><BIC>WBKPPLPPXXX</BIC></FinInstnId></CdtrAgt></RltdAgts><RmtInf><Ustrd>FV/2452/2025</Ustrd></RmtInf></TxDtls></NtryDtls></Ntry><Ntry><NtryRef>2025110301489556-1</NtryRef><Amt Ccy="EUR">3500.00</Amt><CdtDbtInd>DBIT</CdtDbtInd><Sts>BOOK</Sts><BookgDt><Dt>2025-11-03</Dt></BookgDt><ValDt><Dt>2025-11-03</Dt></ValDt><AcctSvcrRef>2025110301489556-1</AcctSvcrRef><BkTxCd><Domn><Cd>PMNT</Cd><Fmly><Cd>ICDT</Cd><SubFmlyCd>BOOK</SubFmlyCd></Fmly></Domn><Prtry><Cd>MK</Cd><Issr>Swedbank AB</Issr></Prtry></BkTxCd><NtryDtls><TxDtls><Refs><AcctSvcrRef>2025110301489556-1</AcctSvcrRef><InstrId>64</InstrId></Refs><AmtDtls><InstdAmt><Amt Ccy="EUR">3500.00</Amt></InstdAmt><TxAmt><Amt Ccy="EUR">3500.00</Amt></TxAmt></AmtDtls><RltdPties><Cdtr><Nm>MB BELGINA</Nm></Cdtr><CdtrAcct><Id><IBAN>LT817300010190641622</IBAN></Id></CdtrAcct></RltdPties><RltdAgts><CdtrAgt><FinInstnId><BIC>HABALT22XXX</BIC></FinInstnId></CdtrAgt></RltdAgts><RmtInf><Ustrd>dalinis mokejimas volvo v90</Ustrd></RmtInf></TxDtls></NtryDtls></Ntry><Ntry><NtryRef>2025110402734365-1</NtryRef><Amt Ccy="EUR">1100.00</Amt><CdtDbtInd>CRDT</CdtDbtInd><Sts>BOOK</Sts><BookgDt><Dt>2025-11-04</Dt></BookgDt><ValDt><Dt>2025-11-04</Dt></ValDt><AcctSvcrRef>2025110402734365-1</AcctSvcrRef><BkTxCd><Domn><Cd>PMNT</Cd><Fmly><Cd>CCRD</Cd><SubFmlyCd>CDPT</SubFmlyCd></Fmly></Domn><Prtry><Cd>K</Cd><Issr>Swedbank AB</Issr></Prtry></BkTxCd><NtryDtls><TxDtls><Refs><AcctSvcrRef>2025110402734365-1</AcctSvcrRef></Refs><AmtDtls><TxAmt><Amt Ccy="EUR">1100.00</Amt></TxAmt></AmtDtls><RltdPties></RltdPties><RmtInf><Ustrd>ĮNEŠIMAS 558595******9517 04.11.25 14:29 1100.00 EUR (307811) H645/HB ISLANDIJOS PL. 32&gt;KAUNAS LT</Ustrd></RmtInf></TxDtls></NtryDtls></Ntry><Ntry><NtryRef>2025110402734365-2</NtryRef><Amt Ccy="EUR">1.32</Amt><CdtDbtInd>DBIT</CdtDbtInd><Sts>BOOK</Sts><BookgDt><Dt>2025-11-04</Dt></BookgDt><ValDt><Dt>2025-11-04</Dt></ValDt><AcctSvcrRef>2025110402734365-2</AcctSvcrRef><BkTxCd><Domn><Cd>PMNT</Cd><Fmly><Cd>CCRD</Cd><SubFmlyCd>CHRG</SubFmlyCd></Fmly></Domn><Prtry><Cd>TT</Cd><Issr>Swedbank AB</Issr></Prtry></BkTxCd><NtryDtls><TxDtls><Refs><AcctSvcrRef>2025110402734365-2</AcctSvcrRef></Refs><AmtDtls><TxAmt><Amt Ccy="EUR">1.32</Amt></TxAmt></AmtDtls><RltdPties></RltdPties><RmtInf><Ustrd>MOKESTIS ĮNEŠIMAS 558595******9517 04.11.25 14:29 1100.00 EUR (307811) H645/HB ISLANDIJOS PL. 32&gt;KAUNAS LT</Ustrd></RmtInf></TxDtls></NtryDtls></Ntry><Ntry><NtryRef>2025110403575938-1</NtryRef><Amt Ccy="EUR">62.63</Amt><CdtDbtInd>CRDT</CdtDbtInd><Sts>BOOK</Sts><BookgDt><Dt>2025-11-04</Dt></BookgDt><ValDt><Dt>2025-11-04</Dt></ValDt><AcctSvcrRef>2025110403575938-1</AcctSvcrRef><BkTxCd><Domn><Cd>PMNT</Cd><Fmly><Cd>RCDT</Cd><SubFmlyCd>BOOK</SubFmlyCd></Fmly></Domn><Prtry><Cd>MK</Cd><Issr>Swedbank AB</Issr></Prtry></BkTxCd><NtryDtls><TxDtls><Refs><AcctSvcrRef>2025110403575938-1</AcctSvcrRef></Refs><AmtDtls><InstdAmt><Amt Ccy="EUR">62.63</Amt></InstdAmt><TxAmt><Amt Ccy="EUR">62.63</Amt></TxAmt></AmtDtls><RltdPties><Dbtr><Nm>GINTA KAIRIENĖ</Nm></Dbtr><DbtrAcct><Id><IBAN>LT507300010036875840</IBAN></Id></DbtrAcct></RltdPties><RltdAgts><DbtrAgt><FinInstnId><BIC>HABALT22</BIC></FinInstnId></DbtrAgt></RltdAgts><RmtInf><Ustrd>Pinigų pervedimas Ginta Daugytė Kairienė</Ustrd></RmtInf></TxDtls></NtryDtls></Ntry><Ntry><NtryRef>2025110501365182-1</NtryRef><Amt Ccy="EUR">18.63</Amt><CdtDbtInd>CRDT</CdtDbtInd><Sts>BOOK</Sts><BookgDt><Dt>2025-11-05</Dt></BookgDt><ValDt><Dt>2025-11-05</Dt></ValDt><AcctSvcrRef>2025110501365182-1</AcctSvcrRef><BkTxCd><Domn><Cd>PMNT</Cd><Fmly><Cd>RCDT</Cd><SubFmlyCd>ESCT</SubFmlyCd></Fmly></Domn><Prtry><Cd>MK</Cd><Issr>Swedbank AB</Issr></Prtry></BkTxCd><NtryDtls><TxDtls><Refs><AcctSvcrRef>2025110501365182-1</AcctSvcrRef><EndToEndId>NOTPROVIDED</EndToEndId></Refs><AmtDtls><InstdAmt><Amt Ccy="EUR">18.63</Amt></InstdAmt><TxAmt><Amt Ccy="EUR">18.63</Amt></TxAmt></AmtDtls><RltdPties><Dbtr><Nm>Stankaitienė Eglė</Nm></Dbtr><DbtrAcct><Id><IBAN>LT117180000000733116</IBAN></Id></DbtrAcct></RltdPties><RltdAgts><DbtrAgt><FinInstnId><BIC>CBSBLT26XXX</BIC></FinInstnId></DbtrAgt></RltdAgts><RmtInf><Ustrd>Egle Stankaitiene</Ustrd></RmtInf></TxDtls></NtryDtls></Ntry><Ntry><NtryRef>2025110501969920-1</NtryRef><Amt Ccy="EUR">45.00</Amt><CdtDbtInd>CRDT</CdtDbtInd><Sts>BOOK</Sts><BookgDt><Dt>2025-11-05</Dt></BookgDt><ValDt><Dt>2025-11-05</Dt></ValDt><AcctSvcrRef>2025110501969920-1</AcctSvcrRef><BkTxCd><Domn><Cd>PMNT</Cd><Fmly><Cd>RCDT</Cd><SubFmlyCd>BOOK</SubFmlyCd></Fmly></Domn><Prtry><Cd>MK</Cd><Issr>Swedbank AB</Issr></Prtry></BkTxCd><NtryDtls><TxDtls><Refs><AcctSvcrRef>2025110501969920-1</AcctSvcrRef></Refs><AmtDtls><InstdAmt><Amt Ccy="EUR">45.00</Amt></InstdAmt><TxAmt><Amt Ccy="EUR">45.00</Amt></TxAmt></AmtDtls><RltdPties><Dbtr><Nm>VAIVA ANDRUŠKIENĖ</Nm></Dbtr><DbtrAcct><Id><IBAN>LT517300010075292963</IBAN></Id></DbtrAcct></RltdPties><RltdAgts><DbtrAgt><FinInstnId><BIC>HABALT22</BIC></FinInstnId></DbtrAgt></RltdAgts><RmtInf><Ustrd>Megstukas</Ustrd></RmtInf></TxDtls></NtryDtls></Ntry><Ntry><NtryRef>2025110502903643-1</NtryRef><Amt Ccy="EUR">24.00</Amt><CdtDbtInd>CRDT</CdtDbtInd><Sts>BOOK</Sts><BookgDt><Dt>2025-11-05</Dt></BookgDt><ValDt><Dt>2025-11-05</Dt></ValDt><AcctSvcrRef>2025110502903643-1</AcctSvcrRef><BkTxCd><Domn><Cd>PMNT</Cd><Fmly><Cd>RCDT</Cd><SubFmlyCd>BOOK</SubFmlyCd></Fmly></Domn><Prtry><Cd>MK</Cd><Issr>Swedbank AB</Issr></Prtry></BkTxCd><NtryDtls><TxDtls><Refs><AcctSvcrRef>2025110502903643-1</AcctSvcrRef></Refs><AmtDtls><InstdAmt><Amt Ccy="EUR">24.00</Amt></InstdAmt><TxAmt><Amt Ccy="EUR">24.00</Amt></TxAmt></AmtDtls><RltdPties><Dbtr><Nm>INGA TEKORIENĖ</Nm></Dbtr><DbtrAcct><Id><IBAN>LT287300010154098020</IBAN></Id></DbtrAcct></RltdPties><RltdAgts><DbtrAgt><FinInstnId><BIC>HABALT22</BIC></FinInstnId></DbtrAgt></RltdAgts><RmtInf><Ustrd>Inga tekoriene</Ustrd></RmtInf></TxDtls></NtryDtls></Ntry><Ntry><NtryRef>2025110502968062-1</NtryRef><Amt Ccy="EUR">39.00</Amt><CdtDbtInd>CRDT</CdtDbtInd><Sts>BOOK</Sts><BookgDt><Dt>2025-11-05</Dt></BookgDt><ValDt><Dt>2025-11-05</Dt></ValDt><AcctSvcrRef>2025110502968062-1</AcctSvcrRef><BkTxCd><Domn><Cd>PMNT</Cd><Fmly><Cd>RCDT</Cd><SubFmlyCd>ESCT</SubFmlyCd></Fmly></Domn><Prtry><Cd>MK</Cd><Issr>Swedbank AB</Issr></Prtry></BkTxCd><NtryDtls><TxDtls><Refs><AcctSvcrRef>2025110502968062-1</AcctSvcrRef><EndToEndId>NOTPROVIDED</EndToEndId></Refs><AmtDtls><InstdAmt><Amt Ccy="EUR">39.00</Amt></InstdAmt><TxAmt><Amt Ccy="EUR">39.00</Amt></TxAmt></AmtDtls><RltdPties><Dbtr><Nm>VĖŽELIENĖ MIGLĖ</Nm></Dbtr><DbtrAcct><Id><IBAN>LT447044000979613464</IBAN></Id></DbtrAcct></RltdPties><RltdAgts><DbtrAgt><FinInstnId><BIC>CBVILT2X</BIC></FinInstnId></DbtrAgt></RltdAgts><RmtInf><Ustrd>Miglė Mi tamsiai pilkas megstinis 21 ir uz 15 kremas</Ustrd></RmtInf></TxDtls></NtryDtls></Ntry><Ntry><NtryRef>2025110503114794-1</NtryRef><Amt Ccy="EUR">71.00</Amt><CdtDbtInd>CRDT</CdtDbtInd><Sts>BOOK</Sts><BookgDt><Dt>2025-11-05</Dt></BookgDt><ValDt><Dt>2025-11-05</Dt></ValDt><AcctSvcrRef>2025110503114794-1</AcctSvcrRef><BkTxCd><Domn><Cd>PMNT</Cd><Fmly><Cd>RCDT</Cd><SubFmlyCd>ESCT</SubFmlyCd></Fmly></Domn><Prtry><Cd>MK</Cd><Issr>Swedbank AB</Issr></Prtry></BkTxCd><NtryDtls><TxDtls><Refs><AcctSvcrRef>2025110503114794-1</AcctSvcrRef><EndToEndId>NOTPROVIDED</EndToEndId></Refs><AmtDtls><InstdAmt><Amt Ccy="EUR">71.00</Amt></InstdAmt><TxAmt><Amt Ccy="EUR">71.00</Amt></TxAmt></AmtDtls><RltdPties><Dbtr><Nm>RAGAUSKIENĖ VIRGINIJA</Nm></Dbtr><DbtrAcct><Id><IBAN>LT527044060005433781</IBAN></Id></DbtrAcct></RltdPties><RltdAgts><DbtrAgt><FinInstnId><BIC>CBVILT2X</BIC></FinInstnId></DbtrAgt></RltdAgts><RmtInf><Ustrd>Virginija Ragauskiene už marškinius 47 ir tamsų pilką golfiuką 21</Ustrd></RmtInf></TxDtls></NtryDtls></Ntry><Ntry><NtryRef>2025110503460594-1</NtryRef><Amt Ccy="EUR">45.63</Amt><CdtDbtInd>CRDT</CdtDbtInd><Sts>BOOK</Sts><BookgDt><Dt>2025-11-05</Dt></BookgDt><ValDt><Dt>2025-11-05</Dt></ValDt><AcctSvcrRef>2025110503460594-1</AcctSvcrRef><BkTxCd><Domn><Cd>PMNT</Cd><Fmly><Cd>RCDT</Cd><SubFmlyCd>ESCT</SubFmlyCd></Fmly></Domn><Prtry><Cd>MK</Cd><Issr>Swedbank AB</Issr></Prtry></BkTxCd><NtryDtls><TxDtls><Refs><AcctSvcrRef>2025110503460594-1</AcctSvcrRef><EndToEndId>NOTPROVIDED</EndToEndId></Refs><AmtDtls><InstdAmt><Amt Ccy="EUR">45.63</Amt></InstdAmt><TxAmt><Amt Ccy="EUR">45.63</Amt></TxAmt></AmtDtls><RltdPties><Dbtr><Nm>Rasa Bajorienė</Nm></Dbtr><DbtrAcct><Id><IBAN>LT424010051001813831</IBAN></Id></DbtrAcct></RltdPties><RltdAgts><DbtrAgt><FinInstnId><BIC>AGBLLT2XXXX</BIC></FinInstnId></DbtrAgt></RltdAgts></TxDtls></NtryDtls></Ntry><Ntry><NtryRef>2025110503551733-1</NtryRef><Amt Ccy="EUR">24.00</Amt><CdtDbtInd>CRDT</CdtDbtInd><Sts>BOOK</Sts><BookgDt><Dt>2025-11-05</Dt></BookgDt><ValDt><Dt>2025-11-05</Dt></ValDt><AcctSvcrRef>2025110503551733-1</AcctSvcrRef><BkTxCd><Domn><Cd>PMNT</Cd><Fmly><Cd>RCDT</Cd><SubFmlyCd>BOOK</SubFmlyCd></Fmly></Domn><Prtry><Cd>MK</Cd><Issr>Swedbank AB</Issr></Prtry></BkTxCd><NtryDtls><TxDtls><Refs><AcctSvcrRef>2025110503551733-1</AcctSvcrRef><InstrId>408</InstrId></Refs><AmtDtls><InstdAmt><Amt Ccy="EUR">24.00</Amt></InstdAmt><TxAmt><Amt Ccy="EUR">24.00</Amt></TxAmt></AmtDtls><RltdPties><Dbtr><Nm>ERNESTA KONDRATAVIČIENĖ</Nm></Dbtr><DbtrAcct><Id><IBAN>LT297300010094786382</IBAN></Id></DbtrAcct></RltdPties><RltdAgts><DbtrAgt><FinInstnId><BIC>HABALT22</BIC></FinInstnId></DbtrAgt></RltdAgts><RmtInf><Ustrd>Ernesta Kondratavičienė</Ustrd></RmtInf></TxDtls></NtryDtls></Ntry><Ntry><NtryRef>2025110503831231-1</NtryRef><Amt Ccy="EUR">155.63</Amt><CdtDbtInd>CRDT</CdtDbtInd><Sts>BOOK</Sts><BookgDt><Dt>2025-11-05</Dt></BookgDt><ValDt><Dt>2025-11-05</Dt></ValDt><AcctSvcrRef>2025110503831231-1</AcctSvcrRef><BkTxCd><Domn><Cd>PMNT</Cd><Fmly><Cd>RCDT</Cd><SubFmlyCd>BOOK</SubFmlyCd></Fmly></Domn><Prtry><Cd>MK</Cd><Issr>Swedbank AB</Issr></Prtry></BkTxCd><NtryDtls><TxDtls><Refs><AcctSvcrRef>2025110503831231-1</AcctSvcrRef></Refs><AmtDtls><InstdAmt><Amt Ccy="EUR">155.63</Amt></InstdAmt><TxAmt><Amt Ccy="EUR">155.63</Amt></TxAmt></AmtDtls><RltdPties><Dbtr><Nm>MILDA STANKIENĖ</Nm></Dbtr><DbtrAcct><Id><IBAN>LT427300010039015319</IBAN></Id></DbtrAcct></RltdPties><RltdAgts><DbtrAgt><FinInstnId><BIC>HABALT22</BIC></FinInstnId></DbtrAgt></RltdAgts><RmtInf><Ustrd>6vnt megztuku</Ustrd></RmtInf></TxDtls></NtryDtls></Ntry><Ntry><NtryRef>2025110602281689-1</NtryRef><Amt Ccy="EUR">20.00</Amt><CdtDbtInd>CRDT</CdtDbtInd><Sts>BOOK</Sts><BookgDt><Dt>2025-11-06</Dt></BookgDt><ValDt><Dt>2025-11-06</Dt></ValDt><AcctSvcrRef>2025110602281689-1</AcctSvcrRef><BkTxCd><Domn><Cd>PMNT</Cd><Fmly><Cd>RCDT</Cd><SubFmlyCd>ESCT</SubFmlyCd></Fmly></Domn><Prtry><Cd>MK</Cd><Issr>Swedbank AB</Issr></Prtry></BkTxCd><NtryDtls><TxDtls><Refs><AcctSvcrRef>2025110602281689-1</AcctSvcrRef><EndToEndId>NOTPROVIDED</EndToEndId></Refs><AmtDtls><InstdAmt><Amt Ccy="EUR">20.00</Amt></InstdAmt><TxAmt><Amt Ccy="EUR">20.00</Amt></TxAmt></AmtDtls><RltdPties><Dbtr><Nm>STARIK JULIJA</Nm></Dbtr><DbtrAcct><Id><IBAN>LT557044060007899176</IBAN></Id></DbtrAcct></RltdPties><RltdAgts><DbtrAgt><FinInstnId><BIC>CBVILT2X</BIC></FinInstnId></DbtrAgt></RltdAgts><RmtInf><Ustrd>Julija Starik</Ustrd></RmtInf></TxDtls></NtryDtls></Ntry><Ntry><NtryRef>2025110602673382-1</NtryRef><Amt Ccy="EUR">276.00</Amt><CdtDbtInd>CRDT</CdtDbtInd><Sts>BOOK</Sts><BookgDt><Dt>2025-11-06</Dt></BookgDt><ValDt><Dt>2025-11-06</Dt></ValDt><AcctSvcrRef>2025110602673382-1</AcctSvcrRef><BkTxCd><Domn><Cd>PMNT</Cd><Fmly><Cd>RCDT</Cd><SubFmlyCd>BOOK</SubFmlyCd></Fmly></Domn><Prtry><Cd>MK</Cd><Issr>Swedbank AB</Issr></Prtry></BkTxCd><NtryDtls><TxDtls><Refs><AcctSvcrRef>2025110602673382-1</AcctSvcrRef></Refs><AmtDtls><InstdAmt><Amt Ccy="EUR">276.00</Amt></InstdAmt><TxAmt><Amt Ccy="EUR">276.00</Amt></TxAmt></AmtDtls><RltdPties><Dbtr><Nm>UAB DAINORA EVENTS</Nm></Dbtr><DbtrAcct><Id><IBAN>LT427300010151452287</IBAN></Id></DbtrAcct></RltdPties><RltdAgts><DbtrAgt><FinInstnId><BIC>HABALT22</BIC></FinInstnId></DbtrAgt></RltdAgts><RmtInf><Ustrd>Išankstinis pavedimas</Ustrd></RmtInf></TxDtls></NtryDtls></Ntry><Ntry><NtryRef>2025110603311206-1</NtryRef><Amt Ccy="EUR">58.00</Amt><CdtDbtInd>CRDT</CdtDbtInd><Sts>BOOK</Sts><BookgDt><Dt>2025-11-06</Dt></BookgDt><ValDt><Dt>2025-11-06</Dt></ValDt><AcctSvcrRef>2025110603311206-1</AcctSvcrRef><BkTxCd><Domn><Cd>PMNT</Cd><Fmly><Cd>RCDT</Cd><SubFmlyCd>BOOK</SubFmlyCd></Fmly></Domn><Prtry><Cd>MK</Cd><Issr>Swedbank AB</Issr></Prtry></BkTxCd><NtryDtls><TxDtls><Refs><AcctSvcrRef>2025110603311206-1</AcctSvcrRef></Refs><AmtDtls><InstdAmt><Amt Ccy="EUR">58.00</Amt></InstdAmt><TxAmt><Amt Ccy="EUR">58.00</Amt></TxAmt></AmtDtls><RltdPties><Dbtr><Nm>ERNESTA KONDRATAVIČIENĖ</Nm></Dbtr><DbtrAcct><Id><IBAN>LT297300010094786382</IBAN></Id></DbtrAcct></RltdPties><RltdAgts><DbtrAgt><FinInstnId><BIC>HABALT22</BIC></FinInstnId></DbtrAgt></RltdAgts><RmtInf><Ustrd>Ernesta Kondratavičienė</Ustrd></RmtInf></TxDtls></NtryDtls></Ntry><Ntry><NtryRef>2025110703110586-1</NtryRef><Amt Ccy="EUR">24.00</Amt><CdtDbtInd>CRDT</CdtDbtInd><Sts>BOOK</Sts><BookgDt><Dt>2025-11-07</Dt></BookgDt><ValDt><Dt>2025-11-07</Dt></ValDt><AcctSvcrRef>2025110703110586-1</AcctSvcrRef><BkTxCd><Domn><Cd>PMNT</Cd><Fmly><Cd>RCDT</Cd><SubFmlyCd>ESCT</SubFmlyCd></Fmly></Domn><Prtry><Cd>MK</Cd><Issr>Swedbank AB</Issr></Prtry></BkTxCd><NtryDtls><TxDtls><Refs><AcctSvcrRef>2025110703110586-1</AcctSvcrRef><EndToEndId>NOTPROVIDED</EndToEndId></Refs><AmtDtls><InstdAmt><Amt Ccy="EUR">24.00</Amt></InstdAmt><TxAmt><Amt Ccy="EUR">24.00</Amt></TxAmt></AmtDtls><RltdPties><Dbtr><Nm>JUNKAITIENĖ RENATA</Nm></Dbtr><DbtrAcct><Id><IBAN>LT657044000569613874</IBAN></Id></DbtrAcct></RltdPties><RltdAgts><DbtrAgt><FinInstnId><BIC>CBVILT2X</BIC></FinInstnId></DbtrAgt></RltdAgts><RmtInf><Ustrd>Renata Utyraitė Junkaitiene,tamsiai pilkas,21 </Ustrd></RmtInf></TxDtls></NtryDtls></Ntry><Ntry><NtryRef>2025111003048859-1</NtryRef><Amt Ccy="EUR">70.00</Amt><CdtDbtInd>CRDT</CdtDbtInd><Sts>BOOK</Sts><BookgDt><Dt>2025-11-10</Dt></BookgDt><ValDt><Dt>2025-11-10</Dt></ValDt><AcctSvcrRef>2025111003048859-1</AcctSvcrRef><BkTxCd><Domn><Cd>PMNT</Cd><Fmly><Cd>RCDT</Cd><SubFmlyCd>ESCT</SubFmlyCd></Fmly></Domn><Prtry><Cd>MK</Cd><Issr>Swedbank AB</Issr></Prtry></BkTxCd><NtryDtls><TxDtls><Refs><AcctSvcrRef>2025111003048859-1</AcctSvcrRef><EndToEndId>NOTPROVIDED</EndToEndId></Refs><AmtDtls><InstdAmt><Amt Ccy="EUR">70.00</Amt></InstdAmt><TxAmt><Amt Ccy="EUR">70.00</Amt></TxAmt></AmtDtls><RltdPties><Dbtr><Nm>KUCHAREVIČ JELENA</Nm></Dbtr><DbtrAcct><Id><IBAN>LT047044000034617680</IBAN></Id></DbtrAcct></RltdPties><RltdAgts><DbtrAgt><FinInstnId><BIC>CBVILT2X</BIC></FinInstnId></DbtrAgt></RltdAgts><RmtInf><Ustrd>Jelena Kucharevič, juoda kepure su snapeliu ir džinsai S didi</Ustrd></RmtInf></TxDtls></NtryDtls></Ntry><Ntry><NtryRef>2025111003956496-1</NtryRef><Amt Ccy="EUR">40.00</Amt><CdtDbtInd>CRDT</CdtDbtInd><Sts>BOOK</Sts><BookgDt><Dt>2025-11-10</Dt></BookgDt><ValDt><Dt>2025-11-10</Dt></ValDt><AcctSvcrRef>2025111003956496-1</AcctSvcrRef><BkTxCd><Domn><Cd>PMNT</Cd><Fmly><Cd>RCDT</Cd><SubFmlyCd>ESCT</SubFmlyCd></Fmly></Domn><Prtry><Cd>MK</Cd><Issr>Swedbank AB</Issr></Prtry></BkTxCd><NtryDtls><TxDtls><Refs><AcctSvcrRef>2025111003956496-1</AcctSvcrRef><EndToEndId>NOTPROVIDED</EndToEndId></Refs><AmtDtls><InstdAmt><Amt Ccy="EUR">40.00</Amt></InstdAmt><TxAmt><Amt Ccy="EUR">40.00</Amt></TxAmt></AmtDtls><RltdPties><Dbtr><Nm>NENARTAVIČIENĖ DANGUOLĖ</Nm></Dbtr><DbtrAcct><Id><IBAN>LT127044000141611155</IBAN></Id></DbtrAcct></RltdPties><RltdAgts><DbtrAgt><FinInstnId><BIC>CBVILT2X</BIC></FinInstnId></DbtrAgt></RltdAgts><RmtInf><Ustrd>Danguole Nenartaviciene</Ustrd></RmtInf></TxDtls></NtryDtls></Ntry><Ntry><NtryRef>2025111004485018-1</NtryRef><Amt Ccy="EUR">119.00</Amt><CdtDbtInd>CRDT</CdtDbtInd><Sts>BOOK</Sts><BookgDt><Dt>2025-11-10</Dt></BookgDt><ValDt><Dt>2025-11-10</Dt></ValDt><AcctSvcrRef>2025111004485018-1</AcctSvcrRef><BkTxCd><Domn><Cd>PMNT</Cd><Fmly><Cd>RCDT</Cd><SubFmlyCd>BOOK</SubFmlyCd></Fmly></Domn><Prtry><Cd>MK</Cd><Issr>Swedbank AB</Issr></Prtry></BkTxCd><NtryDtls><TxDtls><Refs><AcctSvcrRef>2025111004485018-1</AcctSvcrRef></Refs><AmtDtls><InstdAmt><Amt Ccy="EUR">119.00</Amt></InstdAmt><TxAmt><Amt Ccy="EUR">119.00</Amt></TxAmt></AmtDtls><RltdPties><Dbtr><Nm>SANDRA DRIŽIENĖ</Nm></Dbtr><DbtrAcct><Id><IBAN>LT457300010106516110</IBAN></Id></DbtrAcct></RltdPties><RltdAgts><DbtrAgt><FinInstnId><BIC>HABALT22</BIC></FinInstnId></DbtrAgt></RltdAgts><RmtInf><Ustrd>Sandra driziene</Ustrd></RmtInf></TxDtls></NtryDtls></Ntry><Ntry><NtryRef>2025111102869596-1</NtryRef><Amt Ccy="EUR">17.00</Amt><CdtDbtInd>CRDT</CdtDbtInd><Sts>BOOK</Sts><BookgDt><Dt>2025-11-11</Dt></BookgDt><ValDt><Dt>2025-11-11</Dt></ValDt><AcctSvcrRef>2025111102869596-1</AcctSvcrRef><BkTxCd><Domn><Cd>PMNT</Cd><Fmly><Cd>RCDT</Cd><SubFmlyCd>BOOK</SubFmlyCd></Fmly></Domn><Prtry><Cd>MK</Cd><Issr>Swedbank AB</Issr></Prtry></BkTxCd><NtryDtls><TxDtls><Refs><AcctSvcrRef>2025111102869596-1</AcctSvcrRef></Refs><AmtDtls><InstdAmt><Amt Ccy="EUR">17.00</Amt></InstdAmt><TxAmt><Amt Ccy="EUR">17.00</Amt></TxAmt></AmtDtls><RltdPties><Dbtr><Nm>INGA TEKORIENĖ</Nm></Dbtr><DbtrAcct><Id><IBAN>LT287300010154098020</IBAN></Id></DbtrAcct></RltdPties><RltdAgts><DbtrAgt><FinInstnId><BIC>HABALT22</BIC></FinInstnId></DbtrAgt></RltdAgts><RmtInf><Ustrd>Inga tekoriene</Ustrd></RmtInf></TxDtls></NtryDtls></Ntry><Ntry><NtryRef>2025111103872759-1</NtryRef><Amt Ccy="EUR">28.00</Amt><CdtDbtInd>CRDT</CdtDbtInd><Sts>BOOK</Sts><BookgDt><Dt>2025-11-11</Dt></BookgDt><ValDt><Dt>2025-11-11</Dt></ValDt><AcctSvcrRef>2025111103872759-1</AcctSvcrRef><BkTxCd><Domn><Cd>PMNT</Cd><Fmly><Cd>RCDT</Cd><SubFmlyCd>BOOK</SubFmlyCd></Fmly></Domn><Prtry><Cd>MK</Cd><Issr>Swedbank AB</Issr></Prtry></BkTxCd><NtryDtls><TxDtls><Refs><AcctSvcrRef>2025111103872759-1</AcctSvcrRef></Refs><AmtDtls><InstdAmt><Amt Ccy="EUR">28.00</Amt></InstdAmt><TxAmt><Amt Ccy="EUR">28.00</Amt></TxAmt></AmtDtls><RltdPties><Dbtr><Nm>VILMA MALIČEVA</Nm></Dbtr><DbtrAcct><Id><IBAN>LT857300010072915366</IBAN></Id></DbtrAcct></RltdPties><RltdAgts><DbtrAgt><FinInstnId><BIC>HABALT22</BIC></FinInstnId></DbtrAgt></RltdAgts><RmtInf><Ustrd>Fb Vilma Maličeva K28 kelnės</Ustrd></RmtInf></TxDtls></NtryDtls></Ntry><Ntry><NtryRef>2025111202987709-1</NtryRef><Amt Ccy="EUR">133.00</Amt><CdtDbtInd>CRDT</CdtDbtInd><Sts>BOOK</Sts><BookgDt><Dt>2025-11-12</Dt></BookgDt><ValDt><Dt>2025-11-12</Dt></ValDt><AcctSvcrRef>2025111202987709-1</AcctSvcrRef><BkTxCd><Domn><Cd>PMNT</Cd><Fmly><Cd>RCDT</Cd><SubFmlyCd>BOOK</SubFmlyCd></Fmly></Domn><Prtry><Cd>MK</Cd><Issr>Swedbank AB</Issr></Prtry></BkTxCd><NtryDtls><TxDtls><Refs><AcctSvcrRef>2025111202987709-1</AcctSvcrRef><InstrId>253</InstrId></Refs><AmtDtls><InstdAmt><Amt Ccy="EUR">133.00</Amt></InstdAmt><TxAmt><Amt Ccy="EUR">133.00</Amt></TxAmt></AmtDtls><RltdPties><Dbtr><Nm>TERESĖ JONAVIČIENĖ</Nm></Dbtr><DbtrAcct><Id><IBAN>LT817300010072356912</IBAN></Id></DbtrAcct></RltdPties><RltdAgts><DbtrAgt><FinInstnId><BIC>HABALT22</BIC></FinInstnId></DbtrAgt></RltdAgts><RmtInf><Ustrd>dublionkytė</Ustrd></RmtInf></TxDtls></NtryDtls></Ntry><Ntry><NtryRef>2025111203084164-1</NtryRef><Amt Ccy="EUR">54.00</Amt><CdtDbtInd>CRDT</CdtDbtInd><Sts>BOOK</Sts><BookgDt><Dt>2025-11-12</Dt></BookgDt><ValDt><Dt>2025-11-12</Dt></ValDt><AcctSvcrRef>2025111203084164-1</AcctSvcrRef><BkTxCd><Domn><Cd>PMNT</Cd><Fmly><Cd>RCDT</Cd><SubFmlyCd>ESCT</SubFmlyCd></Fmly></Domn><Prtry><Cd>MK</Cd><Issr>Swedbank AB</Issr></Prtry></BkTxCd><NtryDtls><TxDtls><Refs><AcctSvcrRef>2025111203084164-1</AcctSvcrRef><EndToEndId>NOTPROVIDED</EndToEndId></Refs><AmtDtls><InstdAmt><Amt Ccy="EUR">54.00</Amt></InstdAmt><TxAmt><Amt Ccy="EUR">54.00</Amt></TxAmt></AmtDtls><RltdPties><Dbtr><Nm>Raimonda Žulkienė</Nm></Dbtr><DbtrAcct><Id><IBAN>LT854010042800687127</IBAN></Id></DbtrAcct></RltdPties><RltdAgts><DbtrAgt><FinInstnId><BIC>AGBLLT2XXXX</BIC></FinInstnId></DbtrAgt></RltdAgts><RmtInf><Ustrd>Raimonda Žulkiene, rankine</Ustrd></RmtInf></TxDtls></NtryDtls></Ntry><Ntry><NtryRef>2025111203862173-1</NtryRef><Amt Ccy="EUR">36.00</Amt><CdtDbtInd>CRDT</CdtDbtInd><Sts>BOOK</Sts><BookgDt><Dt>2025-11-12</Dt></BookgDt><ValDt><Dt>2025-11-12</Dt></ValDt><AcctSvcrRef>2025111203862173-1</AcctSvcrRef><BkTxCd><Domn><Cd>PMNT</Cd><Fmly><Cd>RCDT</Cd><SubFmlyCd>ESCT</SubFmlyCd></Fmly></Domn><Prtry><Cd>MK</Cd><Issr>Swedbank AB</Issr></Prtry></BkTxCd><NtryDtls><TxDtls><Refs><AcctSvcrRef>2025111203862173-1</AcctSvcrRef><EndToEndId>NOTPROVIDED</EndToEndId></Refs><AmtDtls><InstdAmt><Amt Ccy="EUR">36.00</Amt></InstdAmt><TxAmt><Amt Ccy="EUR">36.00</Amt></TxAmt></AmtDtls><RltdPties><Dbtr><Nm>DACIENĖ VAIVA</Nm></Dbtr><DbtrAcct><Id><IBAN>LT667044000366616524</IBAN></Id></DbtrAcct></RltdPties><RltdAgts><DbtrAgt><FinInstnId><BIC>CBVILT2X</BIC></FinInstnId></DbtrAgt></RltdAgts><RmtInf><Ustrd>Vaiva Dacienė, L33</Ustrd></RmtInf></TxDtls></NtryDtls></Ntry><Ntry><NtryRef>2025111301889583-1</NtryRef><Amt Ccy="EUR">341.01</Amt><CdtDbtInd>CRDT</CdtDbtInd><Sts>BOOK</Sts><BookgDt><Dt>2025-11-13</Dt></BookgDt><ValDt><Dt>2025-11-13</Dt></ValDt><AcctSvcrRef>2025111301889583-1</AcctSvcrRef><BkTxCd><Domn><Cd>PMNT</Cd><Fmly><Cd>CCRD</Cd><SubFmlyCd>CAJT</SubFmlyCd></Fmly></Domn><Prtry><Cd>K</Cd><Issr>Swedbank AB</Issr></Prtry></BkTxCd><NtryDtls><TxDtls><Refs><AcctSvcrRef>2025111301889583-1</AcctSvcrRef></Refs><AmtDtls><TxAmt><Amt Ccy="EUR">341.01</Amt></TxAmt></AmtDtls><RltdPties></RltdPties><RmtInf><Ustrd>GRĄŽINIMAS 558595******0201 2025.11.11 341.01 EUR (427114) Hotel at Booking.com 1017 SG Amsterdam</Ustrd></RmtInf></TxDtls></NtryDtls></Ntry><Ntry><NtryRef>2025111302008231-1</NtryRef><Amt Ccy="EUR">101.00</Amt><CdtDbtInd>CRDT</CdtDbtInd><Sts>BOOK</Sts><BookgDt><Dt>2025-11-13</Dt></BookgDt><ValDt><Dt>2025-11-13</Dt></ValDt><AcctSvcrRef>2025111302008231-1</AcctSvcrRef><BkTxCd><Domn><Cd>PMNT</Cd><Fmly><Cd>RCDT</Cd><SubFmlyCd>ESCT</SubFmlyCd></Fmly></Domn><Prtry><Cd>MK</Cd><Issr>Swedbank AB</Issr></Prtry></BkTxCd><NtryDtls><TxDtls><Refs><AcctSvcrRef>2025111302008231-1</AcctSvcrRef><EndToEndId>NOTPROVIDED</EndToEndId></Refs><AmtDtls><InstdAmt><Amt Ccy="EUR">101.00</Amt></InstdAmt><TxAmt><Amt Ccy="EUR">101.00</Amt></TxAmt></AmtDtls><RltdPties><Dbtr><Nm>ŠUMSKA RENATA</Nm></Dbtr><DbtrAcct><Id><IBAN>LT347044060008050680</IBAN></Id></DbtrAcct></RltdPties><RltdAgts><DbtrAgt><FinInstnId><BIC>CBVILT2X</BIC></FinInstnId></DbtrAgt></RltdAgts><RmtInf><Ustrd>Renata Kvedaraite</Ustrd></RmtInf></TxDtls></NtryDtls></Ntry><Ntry><NtryRef>2025111302056201-1</NtryRef><Amt Ccy="EUR">42.00</Amt><CdtDbtInd>CRDT</CdtDbtInd><Sts>BOOK</Sts><BookgDt><Dt>2025-11-13</Dt></BookgDt><ValDt><Dt>2025-11-13</Dt></ValDt><AcctSvcrRef>2025111302056201-1</AcctSvcrRef><BkTxCd><Domn><Cd>PMNT</Cd><Fmly><Cd>RCDT</Cd><SubFmlyCd>ESCT</SubFmlyCd></Fmly></Domn><Prtry><Cd>MK</Cd><Issr>Swedbank AB</Issr></Prtry></BkTxCd><NtryDtls><TxDtls><Refs><AcctSvcrRef>2025111302056201-1</AcctSvcrRef><EndToEndId>NOTPROVIDED</EndToEndId></Refs><AmtDtls><InstdAmt><Amt Ccy="EUR">42.00</Amt></InstdAmt><TxAmt><Amt Ccy="EUR">42.00</Amt></TxAmt></AmtDtls><RltdPties><Dbtr><Nm>KERŠĖ OKSANA</Nm></Dbtr><DbtrAcct><Id><IBAN>LT527044000342643032</IBAN></Id></DbtrAcct></RltdPties><RltdAgts><DbtrAgt><FinInstnId><BIC>CBVILT2X</BIC></FinInstnId></DbtrAgt></RltdAgts><RmtInf><Ustrd>Oksana Keršė</Ustrd></RmtInf></TxDtls></NtryDtls></Ntry><Ntry><NtryRef>2025111302076713-1</NtryRef><Amt Ccy="EUR">62.00</Amt><CdtDbtInd>CRDT</CdtDbtInd><Sts>BOOK</Sts><BookgDt><Dt>2025-11-13</Dt></BookgDt><ValDt><Dt>2025-11-13</Dt></ValDt><AcctSvcrRef>2025111302076713-1</AcctSvcrRef><BkTxCd><Domn><Cd>PMNT</Cd><Fmly><Cd>RCDT</Cd><SubFmlyCd>ESCT</SubFmlyCd></Fmly></Domn><Prtry><Cd>MK</Cd><Issr>Swedbank AB</Issr></Prtry></BkTxCd><NtryDtls><TxDtls><Refs><AcctSvcrRef>2025111302076713-1</AcctSvcrRef><EndToEndId>NOTPROVIDED</EndToEndId></Refs><AmtDtls><InstdAmt><Amt Ccy="EUR">62.00</Amt></InstdAmt><TxAmt><Amt Ccy="EUR">62.00</Amt></TxAmt></AmtDtls><RltdPties><Dbtr><Nm>VOBALIS JOLANTA</Nm></Dbtr><DbtrAcct><Id><IBAN>LT107044000483619611</IBAN></Id></DbtrAcct></RltdPties><RltdAgts><DbtrAgt><FinInstnId><BIC>CBVILT2X</BIC></FinInstnId></DbtrAgt></RltdAgts><RmtInf><Ustrd>Jolanta Vobalis</Ustrd></RmtInf></TxDtls></NtryDtls></Ntry><Ntry><NtryRef>2025111302168999-1</NtryRef><Amt Ccy="EUR">48.00</Amt><CdtDbtInd>CRDT</CdtDbtInd><Sts>BOOK</Sts><BookgDt><Dt>2025-11-13</Dt></BookgDt><ValDt><Dt>2025-11-13</Dt></ValDt><AcctSvcrRef>2025111302168999-1</AcctSvcrRef><BkTxCd><Domn><Cd>PMNT</Cd><Fmly><Cd>RCDT</Cd><SubFmlyCd>BOOK</SubFmlyCd></Fmly></Domn><Prtry><Cd>MK</Cd><Issr>Swedbank AB</Issr></Prtry></BkTxCd><NtryDtls><TxDtls><Refs><AcctSvcrRef>2025111302168999-1</AcctSvcrRef></Refs><AmtDtls><InstdAmt><Amt Ccy="EUR">48.00</Amt></InstdAmt><TxAmt><Amt Ccy="EUR">48.00</Amt></TxAmt></AmtDtls><RltdPties><Dbtr><Nm>INGA TEKORIENĖ</Nm></Dbtr><DbtrAcct><Id><IBAN>LT287300010154098020</IBAN></Id></DbtrAcct></RltdPties><RltdAgts><DbtrAgt><FinInstnId><BIC>HABALT22</BIC></FinInstnId></DbtrAgt></RltdAgts><RmtInf><Ustrd>Inga tekoriene</Ustrd></RmtInf></TxDtls></NtryDtls></Ntry><Ntry><NtryRef>2025111302351211-1</NtryRef><Amt Ccy="EUR">83.00</Amt><CdtDbtInd>CRDT</CdtDbtInd><Sts>BOOK</Sts><BookgDt><Dt>2025-11-13</Dt></BookgDt><ValDt><Dt>2025-11-13</Dt></ValDt><AcctSvcrRef>2025111302351211-1</AcctSvcrRef><BkTxCd><Domn><Cd>PMNT</Cd><Fmly><Cd>RCDT</Cd><SubFmlyCd>BOOK</SubFmlyCd></Fmly></Domn><Prtry><Cd>MK</Cd><Issr>Swedbank AB</Issr></Prtry></BkTxCd><NtryDtls><TxDtls><Refs><AcctSvcrRef>2025111302351211-1</AcctSvcrRef></Refs><AmtDtls><InstdAmt><Amt Ccy="EUR">83.00</Amt></InstdAmt><TxAmt><Amt Ccy="EUR">83.00</Amt></TxAmt></AmtDtls><RltdPties><Dbtr><Nm>IRENA UDRAITĖ</Nm></Dbtr><DbtrAcct><Id><IBAN>LT547300010077252794</IBAN></Id></DbtrAcct></RltdPties><RltdAgts><DbtrAgt><FinInstnId><BIC>HABALT22</BIC></FinInstnId></DbtrAgt></RltdAgts><RmtInf><Ustrd>Irena Udraite</Ustrd></RmtInf></TxDtls></NtryDtls></Ntry><Ntry><NtryRef>2025111302605374-1</NtryRef><Amt Ccy="EUR">52.00</Amt><CdtDbtInd>CRDT</CdtDbtInd><Sts>BOOK</Sts><BookgDt><Dt>2025-11-13</Dt></BookgDt><ValDt><Dt>2025-11-13</Dt></ValDt><AcctSvcrRef>2025111302605374-1</AcctSvcrRef><BkTxCd><Domn><Cd>PMNT</Cd><Fmly><Cd>RCDT</Cd><SubFmlyCd>ESCT</SubFmlyCd></Fmly></Domn><Prtry><Cd>MK</Cd><Issr>Swedbank AB</Issr></Prtry></BkTxCd><NtryDtls><TxDtls><Refs><AcctSvcrRef>2025111302605374-1</AcctSvcrRef><EndToEndId>NOTPROVIDED</EndToEndId></Refs><AmtDtls><InstdAmt><Amt Ccy="EUR">52.00</Amt></InstdAmt><TxAmt><Amt Ccy="EUR">52.00</Amt></TxAmt></AmtDtls><RltdPties><Dbtr><Nm>RAGAUSKIENĖ VIRGINIJA</Nm></Dbtr><DbtrAcct><Id><IBAN>LT527044060005433781</IBAN></Id></DbtrAcct></RltdPties><RltdAgts><DbtrAgt><FinInstnId><BIC>CBVILT2X</BIC></FinInstnId></DbtrAgt></RltdAgts><RmtInf><Ustrd>Virginija Ragauskienė L 49 moka, didesnis</Ustrd></RmtInf></TxDtls></NtryDtls></Ntry><Ntry><NtryRef>2025111302787649-1</NtryRef><Amt Ccy="EUR">76.00</Amt><CdtDbtInd>CRDT</CdtDbtInd><Sts>BOOK</Sts><BookgDt><Dt>2025-11-13</Dt></BookgDt><ValDt><Dt>2025-11-13</Dt></ValDt><AcctSvcrRef>2025111302787649-1</AcctSvcrRef><BkTxCd><Domn><Cd>PMNT</Cd><Fmly><Cd>RCDT</Cd><SubFmlyCd>ESCT</SubFmlyCd></Fmly></Domn><Prtry><Cd>MK</Cd><Issr>Swedbank AB</Issr></Prtry></BkTxCd><NtryDtls><TxDtls><Refs><AcctSvcrRef>2025111302787649-1</AcctSvcrRef><EndToEndId>NOTPROVIDED</EndToEndId></Refs><AmtDtls><InstdAmt><Amt Ccy="EUR">76.00</Amt></InstdAmt><TxAmt><Amt Ccy="EUR">76.00</Amt></TxAmt></AmtDtls><RltdPties><Dbtr><Nm>MALAKAUSKIENĖ SNIEGUOLĖ</Nm></Dbtr><DbtrAcct><Id><IBAN>LT227044090102459394</IBAN></Id></DbtrAcct></RltdPties><RltdAgts><DbtrAgt><FinInstnId><BIC>CBVILT2X</BIC></FinInstnId></DbtrAgt></RltdAgts><RmtInf><Ustrd>Mokėjimas mobiliąja programėle</Ustrd></RmtInf></TxDtls></NtryDtls></Ntry><Ntry><NtryRef>2025111302810364-1</NtryRef><Amt Ccy="EUR">95.00</Amt><CdtDbtInd>CRDT</CdtDbtInd><Sts>BOOK</Sts><BookgDt><Dt>2025-11-13</Dt></BookgDt><ValDt><Dt>2025-11-13</Dt></ValDt><AcctSvcrRef>2025111302810364-1</AcctSvcrRef><BkTxCd><Domn><Cd>PMNT</Cd><Fmly><Cd>RCDT</Cd><SubFmlyCd>ESCT</SubFmlyCd></Fmly></Domn><Prtry><Cd>MK</Cd><Issr>Swedbank AB</Issr></Prtry></BkTxCd><NtryDtls><TxDtls><Refs><AcctSvcrRef>2025111302810364-1</AcctSvcrRef><EndToEndId>NOTPROVIDED</EndToEndId></Refs><AmtDtls><InstdAmt><Amt Ccy="EUR">95.00</Amt></InstdAmt><TxAmt><Amt Ccy="EUR">95.00</Amt></TxAmt></AmtDtls><RltdPties><Dbtr><Nm>Silvestravičienė Jovita</Nm></Dbtr><DbtrAcct><Id><IBAN>LT767180900150724553</IBAN></Id></DbtrAcct></RltdPties><RltdAgts><DbtrAgt><FinInstnId><BIC>CBSBLT26XXX</BIC></FinInstnId></DbtrAgt></RltdAgts><RmtInf><Ustrd>L55; L37</Ustrd></RmtInf></TxDtls></NtryDtls></Ntry><Ntry><NtryRef>2025111303292852-1</NtryRef><Amt Ccy="EUR">62.00</Amt><CdtDbtInd>CRDT</CdtDbtInd><Sts>BOOK</Sts><BookgDt><Dt>2025-11-13</Dt></BookgDt><ValDt><Dt>2025-11-13</Dt></ValDt><AcctSvcrRef>2025111303292852-1</AcctSvcrRef><BkTxCd><Domn><Cd>PMNT</Cd><Fmly><Cd>RCDT</Cd><SubFmlyCd>ESCT</SubFmlyCd></Fmly></Domn><Prtry><Cd>MK</Cd><Issr>Swedbank AB</Issr></Prtry></BkTxCd><NtryDtls><TxDtls><Refs><AcctSvcrRef>2025111303292852-1</AcctSvcrRef><EndToEndId>NOTPROVIDED</EndToEndId></Refs><AmtDtls><InstdAmt><Amt Ccy="EUR">62.00</Amt></InstdAmt><TxAmt><Amt Ccy="EUR">62.00</Amt></TxAmt></AmtDtls><RltdPties><Dbtr><Nm>VINCLOVIENĖ BRIGITA</Nm></Dbtr><DbtrAcct><Id><IBAN>LT597044000029618377</IBAN></Id></DbtrAcct></RltdPties><RltdAgts><DbtrAgt><FinInstnId><BIC>CBVILT2X</BIC></FinInstnId></DbtrAgt></RltdAgts><RmtInf><Ustrd>R59</Ustrd></RmtInf></TxDtls></NtryDtls></Ntry><Ntry><NtryRef>2025111303616727-1</NtryRef><Amt Ccy="EUR">163.00</Amt><CdtDbtInd>CRDT</CdtDbtInd><Sts>BOOK</Sts><BookgDt><Dt>2025-11-13</Dt></BookgDt><ValDt><Dt>2025-11-13</Dt></ValDt><AcctSvcrRef>2025111303616727-1</AcctSvcrRef><BkTxCd><Domn><Cd>PMNT</Cd><Fmly><Cd>RCDT</Cd><SubFmlyCd>BOOK</SubFmlyCd></Fmly></Domn><Prtry><Cd>MK</Cd><Issr>Swedbank AB</Issr></Prtry></BkTxCd><NtryDtls><TxDtls><Refs><AcctSvcrRef>2025111303616727-1</AcctSvcrRef></Refs><AmtDtls><InstdAmt><Amt Ccy="EUR">163.00</Amt></InstdAmt><TxAmt><Amt Ccy="EUR">163.00</Amt></TxAmt></AmtDtls><RltdPties><Dbtr><Nm>JOLANTA STANKEVIČIENĖ</Nm></Dbtr><DbtrAcct><Id><IBAN>LT617300010144664176</IBAN></Id></DbtrAcct></RltdPties><RltdAgts><DbtrAgt><FinInstnId><BIC>HABALT22</BIC></FinInstnId></DbtrAgt></RltdAgts><RmtInf><Ustrd>Stankeviciene Jolanta F 95 F 65</Ustrd></RmtInf></TxDtls></NtryDtls></Ntry><Ntry><NtryRef>2025111303702870-1</NtryRef><Amt Ccy="EUR">69.00</Amt><CdtDbtInd>CRDT</CdtDbtInd><Sts>BOOK</Sts><BookgDt><Dt>2025-11-13</Dt></BookgDt><ValDt><Dt>2025-11-13</Dt></ValDt><AcctSvcrRef>2025111303702870-1</AcctSvcrRef><BkTxCd><Domn><Cd>PMNT</Cd><Fmly><Cd>RCDT</Cd><SubFmlyCd>ESCT</SubFmlyCd></Fmly></Domn><Prtry><Cd>MK</Cd><Issr>Swedbank AB</Issr></Prtry></BkTxCd><NtryDtls><TxDtls><Refs><AcctSvcrRef>2025111303702870-1</AcctSvcrRef><EndToEndId>NOTPROVIDED</EndToEndId></Refs><AmtDtls><InstdAmt><Amt Ccy="EUR">69.00</Amt></InstdAmt><TxAmt><Amt Ccy="EUR">69.00</Amt></TxAmt></AmtDtls><RltdPties><Dbtr><Nm>Vaiva Čikonytė</Nm></Dbtr><DbtrAcct><Id><IBAN>LT354010041200604060</IBAN></Id></DbtrAcct></RltdPties><RltdAgts><DbtrAgt><FinInstnId><BIC>AGBLLT2XXXX</BIC></FinInstnId></DbtrAgt></RltdAgts><RmtInf><Ustrd>Vaiva Čikonytė</Ustrd></RmtInf></TxDtls></NtryDtls></Ntry><Ntry><NtryRef>2025111303713481-1</NtryRef><Amt Ccy="EUR">113.00</Amt><CdtDbtInd>CRDT</CdtDbtInd><Sts>BOOK</Sts><BookgDt><Dt>2025-11-13</Dt></BookgDt><ValDt><Dt>2025-11-13</Dt></ValDt><AcctSvcrRef>2025111303713481-1</AcctSvcrRef><BkTxCd><Domn><Cd>PMNT</Cd><Fmly><Cd>RCDT</Cd><SubFmlyCd>BOOK</SubFmlyCd></Fmly></Domn><Prtry><Cd>MK</Cd><Issr>Swedbank AB</Issr></Prtry></BkTxCd><NtryDtls><TxDtls><Refs><AcctSvcrRef>2025111303713481-1</AcctSvcrRef></Refs><AmtDtls><InstdAmt><Amt Ccy="EUR">113.00</Amt></InstdAmt><TxAmt><Amt Ccy="EUR">113.00</Amt></TxAmt></AmtDtls><RltdPties><Dbtr><Nm>JELENA MOCKIENĖ</Nm></Dbtr><DbtrAcct><Id><IBAN>LT327300010103530199</IBAN></Id></DbtrAcct></RltdPties><RltdAgts><DbtrAgt><FinInstnId><BIC>HABALT22</BIC></FinInstnId></DbtrAgt></RltdAgts><RmtInf><Ustrd>Juoda striukė, pilkas  megztinis Elena Moc</Ustrd></RmtInf></TxDtls></NtryDtls></Ntry><Ntry><NtryRef>2025111303726192-1</NtryRef><Amt Ccy="EUR">69.00</Amt><CdtDbtInd>CRDT</CdtDbtInd><Sts>BOOK</Sts><BookgDt><Dt>2025-11-13</Dt></BookgDt><ValDt><Dt>2025-11-13</Dt></ValDt><AcctSvcrRef>2025111303726192-1</AcctSvcrRef><BkTxCd><Domn><Cd>PMNT</Cd><Fmly><Cd>RCDT</Cd><SubFmlyCd>BOOK</SubFmlyCd></Fmly></Domn><Prtry><Cd>MK</Cd><Issr>Swedbank AB</Issr></Prtry></BkTxCd><NtryDtls><TxDtls><Refs><AcctSvcrRef>2025111303726192-1</AcctSvcrRef></Refs><AmtDtls><InstdAmt><Amt Ccy="EUR">69.00</Amt></InstdAmt><TxAmt><Amt Ccy="EUR">69.00</Amt></TxAmt></AmtDtls><RltdPties><Dbtr><Nm>RIMA JONUTIENĖ</Nm></Dbtr><DbtrAcct><Id><IBAN>LT787300010078538679</IBAN></Id></DbtrAcct></RltdPties><RltdAgts><DbtrAgt><FinInstnId><BIC>HABALT22</BIC></FinInstnId></DbtrAgt></RltdAgts><RmtInf><Ustrd>F66 antracitas XL</Ustrd></RmtInf></TxDtls></NtryDtls></Ntry><Ntry><NtryRef>2025111303736113-1</NtryRef><Amt Ccy="EUR">62.63</Amt><CdtDbtInd>CRDT</CdtDbtInd><Sts>BOOK</Sts><BookgDt><Dt>2025-11-13</Dt></BookgDt><ValDt><Dt>2025-11-13</Dt></ValDt><AcctSvcrRef>2025111303736113-1</AcctSvcrRef><BkTxCd><Domn><Cd>PMNT</Cd><Fmly><Cd>RCDT</Cd><SubFmlyCd>BOOK</SubFmlyCd></Fmly></Domn><Prtry><Cd>MK</Cd><Issr>Swedbank AB</Issr></Prtry></BkTxCd><NtryDtls><TxDtls><Refs><AcctSvcrRef>2025111303736113-1</AcctSvcrRef></Refs><AmtDtls><InstdAmt><Amt Ccy="EUR">62.63</Amt></InstdAmt><TxAmt><Amt Ccy="EUR">62.63</Amt></TxAmt></AmtDtls><RltdPties><Dbtr><Nm>GINTA KAIRIENĖ</Nm></Dbtr><DbtrAcct><Id><IBAN>LT507300010036875840</IBAN></Id></DbtrAcct></RltdPties><RltdAgts><DbtrAgt><FinInstnId><BIC>HABALT22</BIC></FinInstnId></DbtrAgt></RltdAgts><RmtInf><Ustrd>Pinigų pervedimas Ginta Daugytė Kairienė F95 L juodas paltas</Ustrd></RmtInf></TxDtls></NtryDtls></Ntry><Ntry><NtryRef>2025111303739193-1</NtryRef><Amt Ccy="EUR">35.37</Amt><CdtDbtInd>CRDT</CdtDbtInd><Sts>BOOK</Sts><BookgDt><Dt>2025-11-13</Dt></BookgDt><ValDt><Dt>2025-11-13</Dt></ValDt><AcctSvcrRef>2025111303739193-1</AcctSvcrRef><BkTxCd><Domn><Cd>PMNT</Cd><Fmly><Cd>RCDT</Cd><SubFmlyCd>BOOK</SubFmlyCd></Fmly></Domn><Prtry><Cd>MK</Cd><Issr>Swedbank AB</Issr></Prtry></BkTxCd><NtryDtls><TxDtls><Refs><AcctSvcrRef>2025111303739193-1</AcctSvcrRef></Refs><AmtDtls><InstdAmt><Amt Ccy="EUR">35.37</Amt></InstdAmt><TxAmt><Amt Ccy="EUR">35.37</Amt></TxAmt></AmtDtls><RltdPties><Dbtr><Nm>GINTA KAIRIENĖ</Nm></Dbtr><DbtrAcct><Id><IBAN>LT507300010036875840</IBAN></Id></DbtrAcct></RltdPties><RltdAgts><DbtrAgt><FinInstnId><BIC>HABALT22</BIC></FinInstnId></DbtrAgt></RltdAgts><RmtInf><Ustrd>Pinigų pervedimas Ginta Daugytė Kairienė F95 L paltas</Ustrd></RmtInf></TxDtls></NtryDtls></Ntry><Ntry><NtryRef>2025111303740187-1</NtryRef><Amt Ccy="EUR">219.00</Amt><CdtDbtInd>CRDT</CdtDbtInd><Sts>BOOK</Sts><BookgDt><Dt>2025-11-13</Dt></BookgDt><ValDt><Dt>2025-11-13</Dt></ValDt><AcctSvcrRef>2025111303740187-1</AcctSvcrRef><BkTxCd><Domn><Cd>PMNT</Cd><Fmly><Cd>RCDT</Cd><SubFmlyCd>BOOK</SubFmlyCd></Fmly></Domn><Prtry><Cd>MK</Cd><Issr>Swedbank AB</Issr></Prtry></BkTxCd><NtryDtls><TxDtls><Refs><AcctSvcrRef>2025111303740187-1</AcctSvcrRef></Refs><AmtDtls><InstdAmt><Amt Ccy="EUR">219.00</Amt></InstdAmt><TxAmt><Amt Ccy="EUR">219.00</Amt></TxAmt></AmtDtls><RltdPties><Dbtr><Nm>VERONIKA ORLOVA</Nm></Dbtr><DbtrAcct><Id><IBAN>LT677300010038185907</IBAN></Id></DbtrAcct></RltdPties><RltdAgts><DbtrAgt><FinInstnId><BIC>HABALT22</BIC></FinInstnId></DbtrAgt></RltdAgts><RmtInf><Ustrd>Veronika Veronika</Ustrd></RmtInf></TxDtls></NtryDtls></Ntry><Ntry><NtryRef>2025111303742375-1</NtryRef><Amt Ccy="EUR">98.00</Amt><CdtDbtInd>CRDT</CdtDbtInd><Sts>BOOK</Sts><BookgDt><Dt>2025-11-13</Dt></BookgDt><ValDt><Dt>2025-11-13</Dt></ValDt><AcctSvcrRef>2025111303742375-1</AcctSvcrRef><BkTxCd><Domn><Cd>PMNT</Cd><Fmly><Cd>RCDT</Cd><SubFmlyCd>ESCT</SubFmlyCd></Fmly></Domn><Prtry><Cd>MK</Cd><Issr>Swedbank AB</Issr></Prtry></BkTxCd><NtryDtls><TxDtls><Refs><AcctSvcrRef>2025111303742375-1</AcctSvcrRef><EndToEndId>NOTPROVIDED</EndToEndId></Refs><AmtDtls><InstdAmt><Amt Ccy="EUR">98.00</Amt></InstdAmt><TxAmt><Amt Ccy="EUR">98.00</Amt></TxAmt></AmtDtls><RltdPties><Dbtr><Nm>PRANSKAITYTĖ REGINA</Nm></Dbtr><DbtrAcct><Id><IBAN>LT887044000090614850</IBAN></Id></DbtrAcct></RltdPties><RltdAgts><DbtrAgt><FinInstnId><BIC>CBVILT2X</BIC></FinInstnId></DbtrAgt></RltdAgts><RmtInf><Ustrd>Regina Pranskaitytė</Ustrd></RmtInf></TxDtls></NtryDtls></Ntry><Ntry><NtryRef>2025111303743116-1</NtryRef><Amt Ccy="EUR">25.00</Amt><CdtDbtInd>CRDT</CdtDbtInd><Sts>BOOK</Sts><BookgDt><Dt>2025-11-13</Dt></BookgDt><ValDt><Dt>2025-11-13</Dt></ValDt><AcctSvcrRef>2025111303743116-1</AcctSvcrRef><BkTxCd><Domn><Cd>PMNT</Cd><Fmly><Cd>RCDT</Cd><SubFmlyCd>ESCT</SubFmlyCd></Fmly></Domn><Prtry><Cd>MK</Cd><Issr>Swedbank AB</Issr></Prtry></BkTxCd><NtryDtls><TxDtls><Refs><AcctSvcrRef>2025111303743116-1</AcctSvcrRef><EndToEndId>NOTPROVIDED</EndToEndId></Refs><AmtDtls><InstdAmt><Amt Ccy="EUR">25.00</Amt></InstdAmt><TxAmt><Amt Ccy="EUR">25.00</Amt></TxAmt></AmtDtls><RltdPties><Dbtr><Nm>PRANSKAITYTĖ REGINA</Nm></Dbtr><DbtrAcct><Id><IBAN>LT887044000090614850</IBAN></Id></DbtrAcct></RltdPties><RltdAgts><DbtrAgt><FinInstnId><BIC>CBVILT2X</BIC></FinInstnId></DbtrAgt></RltdAgts><RmtInf><Ustrd>Regina Pranskaitytė</Ustrd></RmtInf></TxDtls></NtryDtls></Ntry><Ntry><NtryRef>2025111303750321-1</NtryRef><Amt Ccy="EUR">95.00</Amt><CdtDbtInd>CRDT</CdtDbtInd><Sts>BOOK</Sts><BookgDt><Dt>2025-11-13</Dt></BookgDt><ValDt><Dt>2025-11-13</Dt></ValDt><AcctSvcrRef>2025111303750321-1</AcctSvcrRef><BkTxCd><Domn><Cd>PMNT</Cd><Fmly><Cd>RCDT</Cd><SubFmlyCd>BOOK</SubFmlyCd></Fmly></Domn><Prtry><Cd>MK</Cd><Issr>Swedbank AB</Issr></Prtry></BkTxCd><NtryDtls><TxDtls><Refs><AcctSvcrRef>2025111303750321-1</AcctSvcrRef></Refs><AmtDtls><InstdAmt><Amt Ccy="EUR">95.00</Amt></InstdAmt><TxAmt><Amt Ccy="EUR">95.00</Amt></TxAmt></AmtDtls><RltdPties><Dbtr><Nm>SIMONA ŠALVYTĖ-BERNOTĖ</Nm></Dbtr><DbtrAcct><Id><IBAN>LT037300010116539488</IBAN></Id></DbtrAcct></RltdPties><RltdAgts><DbtrAgt><FinInstnId><BIC>HABALT22</BIC></FinInstnId></DbtrAgt></RltdAgts><RmtInf><Ustrd>F95 xl juodas ( Daiva Šalvienė)</Ustrd></RmtInf></TxDtls></NtryDtls></Ntry><Ntry><NtryRef>2025111303760952-1</NtryRef><Amt Ccy="EUR">78.00</Amt><CdtDbtInd>CRDT</CdtDbtInd><Sts>BOOK</Sts><BookgDt><Dt>2025-11-13</Dt></BookgDt><ValDt><Dt>2025-11-13</Dt></ValDt><AcctSvcrRef>2025111303760952-1</AcctSvcrRef><BkTxCd><Domn><Cd>PMNT</Cd><Fmly><Cd>RCDT</Cd><SubFmlyCd>BOOK</SubFmlyCd></Fmly></Domn><Prtry><Cd>MK</Cd><Issr>Swedbank AB</Issr></Prtry></BkTxCd><NtryDtls><TxDtls><Refs><AcctSvcrRef>2025111303760952-1</AcctSvcrRef></Refs><AmtDtls><InstdAmt><Amt Ccy="EUR">78.00</Amt></InstdAmt><TxAmt><Amt Ccy="EUR">78.00</Amt></TxAmt></AmtDtls><RltdPties><Dbtr><Nm>VIOLETA JACIUNSKIENĖ</Nm></Dbtr><DbtrAcct><Id><IBAN>LT967300010024565227</IBAN></Id></DbtrAcct></RltdPties><RltdAgts><DbtrAgt><FinInstnId><BIC>HABALT22</BIC></FinInstnId></DbtrAgt></RltdAgts><RmtInf><Ustrd>F75 xl juodas paltas</Ustrd></RmtInf></TxDtls></NtryDtls></Ntry><Ntry><NtryRef>2025111400814026-1</NtryRef><Amt Ccy="EUR">78.00</Amt><CdtDbtInd>CRDT</CdtDbtInd><Sts>BOOK</Sts><BookgDt><Dt>2025-11-14</Dt></BookgDt><ValDt><Dt>2025-11-14</Dt></ValDt><AcctSvcrRef>2025111400814026-1</AcctSvcrRef><BkTxCd><Domn><Cd>PMNT</Cd><Fmly><Cd>RCDT</Cd><SubFmlyCd>BOOK</SubFmlyCd></Fmly></Domn><Prtry><Cd>MK</Cd><Issr>Swedbank AB</Issr></Prtry></BkTxCd><NtryDtls><TxDtls><Refs><AcctSvcrRef>2025111400814026-1</AcctSvcrRef></Refs><AmtDtls><InstdAmt><Amt Ccy="EUR">78.00</Amt></InstdAmt><TxAmt><Amt Ccy="EUR">78.00</Amt></TxAmt></AmtDtls><RltdPties><Dbtr><Nm>RAIMONDA DAMANSKIENĖ</Nm></Dbtr><DbtrAcct><Id><IBAN>LT857300010096197597</IBAN></Id></DbtrAcct></RltdPties><RltdAgts><DbtrAgt><FinInstnId><BIC>HABALT22</BIC></FinInstnId></DbtrAgt></RltdAgts><RmtInf><Ustrd>F75 juodas L</Ustrd></RmtInf></TxDtls></NtryDtls></Ntry><Ntry><NtryRef>2025111401122979-1</NtryRef><Amt Ccy="EUR">45.00</Amt><CdtDbtInd>CRDT</CdtDbtInd><Sts>BOOK</Sts><BookgDt><Dt>2025-11-14</Dt></BookgDt><ValDt><Dt>2025-11-14</Dt></ValDt><AcctSvcrRef>2025111401122979-1</AcctSvcrRef><BkTxCd><Domn><Cd>PMNT</Cd><Fmly><Cd>RCDT</Cd><SubFmlyCd>ESCT</SubFmlyCd></Fmly></Domn><Prtry><Cd>MK</Cd><Issr>Swedbank AB</Issr></Prtry></BkTxCd><NtryDtls><TxDtls><Refs><AcctSvcrRef>2025111401122979-1</AcctSvcrRef><EndToEndId>NOTPROVIDED</EndToEndId></Refs><AmtDtls><InstdAmt><Amt Ccy="EUR">45.00</Amt></InstdAmt><TxAmt><Amt Ccy="EUR">45.00</Amt></TxAmt></AmtDtls><RltdPties><Dbtr><Nm>KUCHAREVIČ JELENA</Nm></Dbtr><DbtrAcct><Id><IBAN>LT047044000034617680</IBAN></Id></DbtrAcct></RltdPties><RltdAgts><DbtrAgt><FinInstnId><BIC>CBVILT2X</BIC></FinInstnId></DbtrAgt></RltdAgts><RmtInf><Ustrd>Jelena Kucharevič, M 42 late megztukas</Ustrd></RmtInf></TxDtls></NtryDtls></Ntry><Ntry><NtryRef>2025111401155404-1</NtryRef><Amt Ccy="EUR">198.00</Amt><CdtDbtInd>CRDT</CdtDbtInd><Sts>BOOK</Sts><BookgDt><Dt>2025-11-14</Dt></BookgDt><ValDt><Dt>2025-11-14</Dt></ValDt><AcctSvcrRef>2025111401155404-1</AcctSvcrRef><BkTxCd><Domn><Cd>PMNT</Cd><Fmly><Cd>RCDT</Cd><SubFmlyCd>ESCT</SubFmlyCd></Fmly></Domn><Prtry><Cd>MK</Cd><Issr>Swedbank AB</Issr></Prtry></BkTxCd><NtryDtls><TxDtls><Refs><AcctSvcrRef>2025111401155404-1</AcctSvcrRef><EndToEndId>NOTPROVIDED</EndToEndId></Refs><AmtDtls><InstdAmt><Amt Ccy="EUR">198.00</Amt></InstdAmt><TxAmt><Amt Ccy="EUR">198.00</Amt></TxAmt></AmtDtls><RltdPties><Dbtr><Nm>RAGAUSKIENĖ VIRGINIJA</Nm></Dbtr><DbtrAcct><Id><IBAN>LT527044060005433781</IBAN></Id></DbtrAcct></RltdPties><RltdAgts><DbtrAgt><FinInstnId><BIC>CBVILT2X</BIC></FinInstnId></DbtrAgt></RltdAgts><RmtInf><Ustrd>Virginija Ragauskienė M46 mėlynas, M 37 vanilė, R 115 šokoladinė</Ustrd></RmtInf></TxDtls></NtryDtls></Ntry><Ntry><NtryRef>2025111401228601-1</NtryRef><Amt Ccy="EUR">62.00</Amt><CdtDbtInd>CRDT</CdtDbtInd><Sts>BOOK</Sts><BookgDt><Dt>2025-11-14</Dt></BookgDt><ValDt><Dt>2025-11-14</Dt></ValDt><AcctSvcrRef>2025111401228601-1</AcctSvcrRef><BkTxCd><Domn><Cd>PMNT</Cd><Fmly><Cd>RCDT</Cd><SubFmlyCd>ESCT</SubFmlyCd></Fmly></Domn><Prtry><Cd>MK</Cd><Issr>Swedbank AB</Issr></Prtry></BkTxCd><NtryDtls><TxDtls><Refs><AcctSvcrRef>2025111401228601-1</AcctSvcrRef><EndToEndId>NOTPROVIDED</EndToEndId></Refs><AmtDtls><InstdAmt><Amt Ccy="EUR">62.00</Amt></InstdAmt><TxAmt><Amt Ccy="EUR">62.00</Amt></TxAmt></AmtDtls><RltdPties><Dbtr><Nm>Jūratė Kudabaitė-Staškevičienė</Nm></Dbtr><DbtrAcct><Id><IBAN>LT862140030001847695</IBAN></Id></DbtrAcct></RltdPties><RltdAgts><DbtrAgt><FinInstnId><BIC>AGBLLT2XXXX</BIC></FinInstnId></DbtrAgt></RltdAgts><RmtInf><Ustrd>Užsakymo Nr. 3411</Ustrd></RmtInf></TxDtls></NtryDtls></Ntry><Ntry><NtryRef>2025111401359310-1</NtryRef><Amt Ccy="EUR">71.00</Amt><CdtDbtInd>CRDT</CdtDbtInd><Sts>BOOK</Sts><BookgDt><Dt>2025-11-14</Dt></BookgDt><ValDt><Dt>2025-11-14</Dt></ValDt><AcctSvcrRef>2025111401359310-1</AcctSvcrRef><BkTxCd><Domn><Cd>PMNT</Cd><Fmly><Cd>RCDT</Cd><SubFmlyCd>ESCT</SubFmlyCd></Fmly></Domn><Prtry><Cd>MK</Cd><Issr>Swedbank AB</Issr></Prtry></BkTxCd><NtryDtls><TxDtls><Refs><AcctSvcrRef>2025111401359310-1</AcctSvcrRef><EndToEndId>NOTPROVIDED</EndToEndId></Refs><AmtDtls><InstdAmt><Amt Ccy="EUR">71.00</Amt></InstdAmt><TxAmt><Amt Ccy="EUR">71.00</Amt></TxAmt></AmtDtls><RltdPties><Dbtr><Nm>VOBALIS JOLANTA</Nm></Dbtr><DbtrAcct><Id><IBAN>LT107044000483619611</IBAN></Id></DbtrAcct></RltdPties><RltdAgts><DbtrAgt><FinInstnId><BIC>CBVILT2X</BIC></FinInstnId></DbtrAgt></RltdAgts><RmtInf><Ustrd>Jolanta Vobalis</Ustrd></RmtInf></TxDtls></NtryDtls></Ntry><Ntry><NtryRef>2025111401461265-1</NtryRef><Amt Ccy="EUR">152.00</Amt><CdtDbtInd>CRDT</CdtDbtInd><Sts>BOOK</Sts><BookgDt><Dt>2025-11-14</Dt></BookgDt><ValDt><Dt>2025-11-14</Dt></ValDt><AcctSvcrRef>2025111401461265-1</AcctSvcrRef><BkTxCd><Domn><Cd>PMNT</Cd><Fmly><Cd>RCDT</Cd><SubFmlyCd>ESCT</SubFmlyCd></Fmly></Domn><Prtry><Cd>MK</Cd><Issr>Swedbank AB</Issr></Prtry></BkTxCd><NtryDtls><TxDtls><Refs><AcctSvcrRef>2025111401461265-1</AcctSvcrRef><EndToEndId>NOTPROVIDED</EndToEndId></Refs><AmtDtls><InstdAmt><Amt Ccy="EUR">152.00</Amt></InstdAmt><TxAmt><Amt Ccy="EUR">152.00</Amt></TxAmt></AmtDtls><RltdPties><Dbtr><Nm>GAIDELIENĖ ŽANA</Nm></Dbtr><DbtrAcct><Id><IBAN>LT737044060007716395</IBAN></Id></DbtrAcct></RltdPties><RltdAgts><DbtrAgt><FinInstnId><BIC>CBVILT2X</BIC></FinInstnId></DbtrAgt></RltdAgts><RmtInf><Ustrd>fb  Zana Gaideliene</Ustrd></RmtInf></TxDtls></NtryDtls></Ntry><Ntry><NtryRef>2025111401475691-1</NtryRef><Amt Ccy="EUR">66.00</Amt><CdtDbtInd>CRDT</CdtDbtInd><Sts>BOOK</Sts><BookgDt><Dt>2025-11-14</Dt></BookgDt><ValDt><Dt>2025-11-14</Dt></ValDt><AcctSvcrRef>2025111401475691-1</AcctSvcrRef><BkTxCd><Domn><Cd>PMNT</Cd><Fmly><Cd>RCDT</Cd><SubFmlyCd>BOOK</SubFmlyCd></Fmly></Domn><Prtry><Cd>MK</Cd><Issr>Swedbank AB</Issr></Prtry></BkTxCd><NtryDtls><TxDtls><Refs><AcctSvcrRef>2025111401475691-1</AcctSvcrRef><InstrId>547</InstrId></Refs><AmtDtls><InstdAmt><Amt Ccy="EUR">66.00</Amt></InstdAmt><TxAmt><Amt Ccy="EUR">66.00</Amt></TxAmt></AmtDtls><RltdPties><Dbtr><Nm>MARGARITA SKOMOROCH</Nm></Dbtr><DbtrAcct><Id><IBAN>LT867300010004251182</IBAN></Id></DbtrAcct></RltdPties><RltdAgts><DbtrAgt><FinInstnId><BIC>HABALT22</BIC></FinInstnId></DbtrAgt></RltdAgts><RmtInf><Ustrd>Margarita Sk, F66,antracitas, užs.nr.3427</Ustrd></RmtInf></TxDtls></NtryDtls></Ntry><Ntry><NtryRef>2025111401901417-1</NtryRef><Amt Ccy="EUR">52.00</Amt><CdtDbtInd>CRDT</CdtDbtInd><Sts>BOOK</Sts><BookgDt><Dt>2025-11-14</Dt></BookgDt><ValDt><Dt>2025-11-14</Dt></ValDt><AcctSvcrRef>2025111401901417-1</AcctSvcrRef><BkTxCd><Domn><Cd>PMNT</Cd><Fmly><Cd>RCDT</Cd><SubFmlyCd>BOOK</SubFmlyCd></Fmly></Domn><Prtry><Cd>MK</Cd><Issr>Swedbank AB</Issr></Prtry></BkTxCd><NtryDtls><TxDtls><Refs><AcctSvcrRef>2025111401901417-1</AcctSvcrRef><InstrId>8</InstrId></Refs><AmtDtls><InstdAmt><Amt Ccy="EUR">52.00</Amt></InstdAmt><TxAmt><Amt Ccy="EUR">52.00</Amt></TxAmt></AmtDtls><RltdPties><Dbtr><Nm>INA EDITA KUZMIENĖ</Nm></Dbtr><DbtrAcct><Id><IBAN>LT347300010073266454</IBAN></Id></DbtrAcct></RltdPties><RltdAgts><DbtrAgt><FinInstnId><BIC>HABALT22</BIC></FinInstnId></DbtrAgt></RltdAgts><RmtInf><Ustrd>Ina Kuzmienė- Brinkytė už  L46</Ustrd></RmtInf></TxDtls></NtryDtls></Ntry><Ntry><NtryRef>2025111402447411-1</NtryRef><Amt Ccy="EUR">75.00</Amt><CdtDbtInd>CRDT</CdtDbtInd><Sts>BOOK</Sts><BookgDt><Dt>2025-11-14</Dt></BookgDt><ValDt><Dt>2025-11-14</Dt></ValDt><AcctSvcrRef>2025111402447411-1</AcctSvcrRef><BkTxCd><Domn><Cd>PMNT</Cd><Fmly><Cd>RCDT</Cd><SubFmlyCd>BOOK</SubFmlyCd></Fmly></Domn><Prtry><Cd>MK</Cd><Issr>Swedbank AB</Issr></Prtry></BkTxCd><NtryDtls><TxDtls><Refs><AcctSvcrRef>2025111402447411-1</AcctSvcrRef></Refs><AmtDtls><InstdAmt><Amt Ccy="EUR">75.00</Amt></InstdAmt><TxAmt><Amt Ccy="EUR">75.00</Amt></TxAmt></AmtDtls><RltdPties><Dbtr><Nm>ERNESTA KONDRATAVIČIENĖ</Nm></Dbtr><DbtrAcct><Id><IBAN>LT297300010094786382</IBAN></Id></DbtrAcct></RltdPties><RltdAgts><DbtrAgt><FinInstnId><BIC>HABALT22</BIC></FinInstnId></DbtrAgt></RltdAgts><RmtInf><Ustrd>Ernesta Kondratavičienė F75 juodas paltas</Ustrd></RmtInf></TxDtls></NtryDtls></Ntry><Ntry><NtryRef>2025111402917663-1</NtryRef><Amt Ccy="EUR">115.00</Amt><CdtDbtInd>DBIT</CdtDbtInd><Sts>BOOK</Sts><BookgDt><Dt>2025-11-14</Dt></BookgDt><ValDt><Dt>2025-11-14</Dt></ValDt><AcctSvcrRef>2025111402917663-1</AcctSvcrRef><BkTxCd><Domn><Cd>PMNT</Cd><Fmly><Cd>ICDT</Cd><SubFmlyCd>BOOK</SubFmlyCd></Fmly></Domn><Prtry><Cd>MK</Cd><Issr>Swedbank AB</Issr></Prtry></BkTxCd><NtryDtls><TxDtls><Refs><AcctSvcrRef>2025111402917663-1</AcctSvcrRef><InstrId>65</InstrId></Refs><AmtDtls><InstdAmt><Amt Ccy="EUR">115.00</Amt></InstdAmt><TxAmt><Amt Ccy="EUR">115.00</Amt></TxAmt></AmtDtls><RltdPties><Cdtr><Nm>EVELINA BALČIŪNIENĖ</Nm></Cdtr><CdtrAcct><Id><IBAN>LT287300010084499841</IBAN></Id></CdtrAcct></RltdPties><RltdAgts><CdtrAgt><FinInstnId><BIC>HABALT22XXX</BIC></FinInstnId></CdtrAgt></RltdAgts><RmtInf><Ustrd>grazinimas uz preke</Ustrd></RmtInf></TxDtls></NtryDtls></Ntry><Ntry><NtryRef>2025111403229295-1</NtryRef><Amt Ccy="EUR">39.00</Amt><CdtDbtInd>CRDT</CdtDbtInd><Sts>BOOK</Sts><BookgDt><Dt>2025-11-14</Dt></BookgDt><ValDt><Dt>2025-11-14</Dt></ValDt><AcctSvcrRef>2025111403229295-1</AcctSvcrRef><BkTxCd><Domn><Cd>PMNT</Cd><Fmly><Cd>RCDT</Cd><SubFmlyCd>ESCT</SubFmlyCd></Fmly></Domn><Prtry><Cd>MK</Cd><Issr>Swedbank AB</Issr></Prtry></BkTxCd><NtryDtls><TxDtls><Refs><AcctSvcrRef>2025111403229295-1</AcctSvcrRef><EndToEndId>NOTPROVIDED</EndToEndId></Refs><AmtDtls><InstdAmt><Amt Ccy="EUR">39.00</Amt></InstdAmt><TxAmt><Amt Ccy="EUR">39.00</Amt></TxAmt></AmtDtls><RltdPties><Dbtr><Nm>Kazlauskienė Žibutė</Nm></Dbtr><DbtrAcct><Id><IBAN>LT337180500222733200</IBAN></Id></DbtrAcct></RltdPties><RltdAgts><DbtrAgt><FinInstnId><BIC>CBSBLT26XXX</BIC></FinInstnId></DbtrAgt></RltdAgts><RmtInf><Ustrd>L 36</Ustrd></RmtInf></TxDtls></NtryDtls></Ntry><Ntry><NtryRef>2025111403411328-1</NtryRef><Amt Ccy="EUR">52.00</Amt><CdtDbtInd>CRDT</CdtDbtInd><Sts>BOOK</Sts><BookgDt><Dt>2025-11-14</Dt></BookgDt><ValDt><Dt>2025-11-14</Dt></ValDt><AcctSvcrRef>2025111403411328-1</AcctSvcrRef><BkTxCd><Domn><Cd>PMNT</Cd><Fmly><Cd>RCDT</Cd><SubFmlyCd>ESCT</SubFmlyCd></Fmly></Domn><Prtry><Cd>MK</Cd><Issr>Swedbank AB</Issr></Prtry></BkTxCd><NtryDtls><TxDtls><Refs><AcctSvcrRef>2025111403411328-1</AcctSvcrRef><EndToEndId>NOTPROVIDED</EndToEndId></Refs><AmtDtls><InstdAmt><Amt Ccy="EUR">52.00</Amt></InstdAmt><TxAmt><Amt Ccy="EUR">52.00</Amt></TxAmt></AmtDtls><RltdPties><Dbtr><Nm>KAMINSKIENĖ ŽANA</Nm></Dbtr><DbtrAcct><Id><IBAN>LT387044000531612573</IBAN></Id></DbtrAcct></RltdPties><RltdAgts><DbtrAgt><FinInstnId><BIC>CBVILT2X</BIC></FinInstnId></DbtrAgt></RltdAgts><RmtInf><Ustrd>L49</Ustrd></RmtInf></TxDtls></NtryDtls></Ntry><Ntry><NtryRef>2025111403541832-1</NtryRef><Amt Ccy="EUR">50.00</Amt><CdtDbtInd>CRDT</CdtDbtInd><Sts>BOOK</Sts><BookgDt><Dt>2025-11-14</Dt></BookgDt><ValDt><Dt>2025-11-14</Dt></ValDt><AcctSvcrRef>2025111403541832-1</AcctSvcrRef><BkTxCd><Domn><Cd>PMNT</Cd><Fmly><Cd>RCDT</Cd><SubFmlyCd>BOOK</SubFmlyCd></Fmly></Domn><Prtry><Cd>MK</Cd><Issr>Swedbank AB</Issr></Prtry></BkTxCd><NtryDtls><TxDtls><Refs><AcctSvcrRef>2025111403541832-1</AcctSvcrRef></Refs><AmtDtls><InstdAmt><Amt Ccy="EUR">50.00</Amt></InstdAmt><TxAmt><Amt Ccy="EUR">50.00</Amt></TxAmt></AmtDtls><RltdPties><Dbtr><Nm>INGA TEKORIENĖ</Nm></Dbtr><DbtrAcct><Id><IBAN>LT287300010154098020</IBAN></Id></DbtrAcct></RltdPties><RltdAgts><DbtrAgt><FinInstnId><BIC>HABALT22</BIC></FinInstnId></DbtrAgt></RltdAgts><RmtInf><Ustrd>Inga tekoriene</Ustrd></RmtInf></TxDtls></NtryDtls></Ntry><Ntry><NtryRef>2025111403716787-1</NtryRef><Amt Ccy="EUR">36.00</Amt><CdtDbtInd>CRDT</CdtDbtInd><Sts>BOOK</Sts><BookgDt><Dt>2025-11-14</Dt></BookgDt><ValDt><Dt>2025-11-14</Dt></ValDt><AcctSvcrRef>2025111403716787-1</AcctSvcrRef><BkTxCd><Domn><Cd>PMNT</Cd><Fmly><Cd>RCDT</Cd><SubFmlyCd>BOOK</SubFmlyCd></Fmly></Domn><Prtry><Cd>MK</Cd><Issr>Swedbank AB</Issr></Prtry></BkTxCd><NtryDtls><TxDtls><Refs><AcctSvcrRef>2025111403716787-1</AcctSvcrRef></Refs><AmtDtls><InstdAmt><Amt Ccy="EUR">36.00</Amt></InstdAmt><TxAmt><Amt Ccy="EUR">36.00</Amt></TxAmt></AmtDtls><RltdPties><Dbtr><Nm>MILDA STANKIENĖ</Nm></Dbtr><DbtrAcct><Id><IBAN>LT427300010039015319</IBAN></Id></DbtrAcct></RltdPties><RltdAgts><DbtrAgt><FinInstnId><BIC>HABALT22</BIC></FinInstnId></DbtrAgt></RltdAgts><RmtInf><Ustrd>6vnt megztuku</Ustrd></RmtInf></TxDtls></NtryDtls></Ntry><Ntry><NtryRef>2025111403870221-1</NtryRef><Amt Ccy="EUR">45.00</Amt><CdtDbtInd>CRDT</CdtDbtInd><Sts>BOOK</Sts><BookgDt><Dt>2025-11-14</Dt></BookgDt><ValDt><Dt>2025-11-14</Dt></ValDt><AcctSvcrRef>2025111403870221-1</AcctSvcrRef><BkTxCd><Domn><Cd>PMNT</Cd><Fmly><Cd>RCDT</Cd><SubFmlyCd>BOOK</SubFmlyCd></Fmly></Domn><Prtry><Cd>MK</Cd><Issr>Swedbank AB</Issr></Prtry></BkTxCd><NtryDtls><TxDtls><Refs><AcctSvcrRef>2025111403870221-1</AcctSvcrRef></Refs><AmtDtls><InstdAmt><Amt Ccy="EUR">45.00</Amt></InstdAmt><TxAmt><Amt Ccy="EUR">45.00</Amt></TxAmt></AmtDtls><RltdPties><Dbtr><Nm>LORETA KAUBRIENĖ</Nm></Dbtr><DbtrAcct><Id><IBAN>LT517300010010269692</IBAN></Id></DbtrAcct></RltdPties><RltdAgts><DbtrAgt><FinInstnId><BIC>HABALT22</BIC></FinInstnId></DbtrAgt></RltdAgts><RmtInf><Ustrd>Loreta Kaubrienė už prekes užsakymas 3593</Ustrd></RmtInf></TxDtls></NtryDtls></Ntry><Ntry><NtryRef>2025111403996286-1</NtryRef><Amt Ccy="EUR">98.00</Amt><CdtDbtInd>CRDT</CdtDbtInd><Sts>BOOK</Sts><BookgDt><Dt>2025-11-14</Dt></BookgDt><ValDt><Dt>2025-11-14</Dt></ValDt><AcctSvcrRef>2025111403996286-1</AcctSvcrRef><BkTxCd><Domn><Cd>PMNT</Cd><Fmly><Cd>RCDT</Cd><SubFmlyCd>ESCT</SubFmlyCd></Fmly></Domn><Prtry><Cd>MK</Cd><Issr>Swedbank AB</Issr></Prtry></BkTxCd><NtryDtls><TxDtls><Refs><AcctSvcrRef>2025111403996286-1</AcctSvcrRef><EndToEndId>NOTPROVIDED</EndToEndId></Refs><AmtDtls><InstdAmt><Amt Ccy="EUR">98.00</Amt></InstdAmt><TxAmt><Amt Ccy="EUR">98.00</Amt></TxAmt></AmtDtls><RltdPties><Dbtr><Nm>GOBERYTĖ JOANA</Nm></Dbtr><DbtrAcct><Id><IBAN>LT527044060008129702</IBAN></Id></DbtrAcct></RltdPties><RltdAgts><DbtrAgt><FinInstnId><BIC>CBVILT2X</BIC></FinInstnId></DbtrAgt></RltdAgts><RmtInf><Ustrd>Užsakymo Nr. 3507, F95, paltas</Ustrd></RmtInf></TxDtls></NtryDtls></Ntry><Ntry><NtryRef>2025111404019818-1</NtryRef><Amt Ccy="EUR">247.00</Amt><CdtDbtInd>CRDT</CdtDbtInd><Sts>BOOK</Sts><BookgDt><Dt>2025-11-14</Dt></BookgDt><ValDt><Dt>2025-11-14</Dt></ValDt><AcctSvcrRef>2025111404019818-1</AcctSvcrRef><BkTxCd><Domn><Cd>PMNT</Cd><Fmly><Cd>RCDT</Cd><SubFmlyCd>ESCT</SubFmlyCd></Fmly></Domn><Prtry><Cd>MK</Cd><Issr>Swedbank AB</Issr></Prtry></BkTxCd><NtryDtls><TxDtls><Refs><AcctSvcrRef>2025111404019818-1</AcctSvcrRef><EndToEndId>NOTPROVIDED</EndToEndId></Refs><AmtDtls><InstdAmt><Amt Ccy="EUR">247.00</Amt></InstdAmt><TxAmt><Amt Ccy="EUR">247.00</Amt></TxAmt></AmtDtls><RltdPties><Dbtr><Nm>KAMINSKIENĖ ŽANA</Nm></Dbtr><DbtrAcct><Id><IBAN>LT387044000531612573</IBAN></Id></DbtrAcct></RltdPties><RltdAgts><DbtrAgt><FinInstnId><BIC>CBVILT2X</BIC></FinInstnId></DbtrAgt></RltdAgts><RmtInf><Ustrd>U55 kremas 40d, A60 kremas, A132 kremas</Ustrd></RmtInf></TxDtls></NtryDtls></Ntry><Ntry><NtryRef>2025111404021949-1</NtryRef><Amt Ccy="EUR">203.00</Amt><CdtDbtInd>CRDT</CdtDbtInd><Sts>BOOK</Sts><BookgDt><Dt>2025-11-14</Dt></BookgDt><ValDt><Dt>2025-11-14</Dt></ValDt><AcctSvcrRef>2025111404021949-1</AcctSvcrRef><BkTxCd><Domn><Cd>PMNT</Cd><Fmly><Cd>RCDT</Cd><SubFmlyCd>BOOK</SubFmlyCd></Fmly></Domn><Prtry><Cd>MK</Cd><Issr>Swedbank AB</Issr></Prtry></BkTxCd><NtryDtls><TxDtls><Refs><AcctSvcrRef>2025111404021949-1</AcctSvcrRef></Refs><AmtDtls><InstdAmt><Amt Ccy="EUR">203.00</Amt></InstdAmt><TxAmt><Amt Ccy="EUR">203.00</Amt></TxAmt></AmtDtls><RltdPties><Dbtr><Nm>VERONIKA ORLOVA</Nm></Dbtr><DbtrAcct><Id><IBAN>LT677300010038185907</IBAN></Id></DbtrAcct></RltdPties><RltdAgts><DbtrAgt><FinInstnId><BIC>HABALT22</BIC></FinInstnId></DbtrAgt></RltdAgts><RmtInf><Ustrd>Veronika Veronika A135 rudi kailiniai,  A65 moka kuprinė</Ustrd></RmtInf></TxDtls></NtryDtls></Ntry><Ntry><NtryRef>2025111404113062-1</NtryRef><Amt Ccy="EUR">105.00</Amt><CdtDbtInd>CRDT</CdtDbtInd><Sts>BOOK</Sts><BookgDt><Dt>2025-11-14</Dt></BookgDt><ValDt><Dt>2025-11-14</Dt></ValDt><AcctSvcrRef>2025111404113062-1</AcctSvcrRef><BkTxCd><Domn><Cd>PMNT</Cd><Fmly><Cd>RCDT</Cd><SubFmlyCd>ESCT</SubFmlyCd></Fmly></Domn><Prtry><Cd>MK</Cd><Issr>Swedbank AB</Issr></Prtry></BkTxCd><NtryDtls><TxDtls><Refs><AcctSvcrRef>2025111404113062-1</AcctSvcrRef><EndToEndId>NOTPROVIDED</EndToEndId></Refs><AmtDtls><InstdAmt><Amt Ccy="EUR">105.00</Amt></InstdAmt><TxAmt><Amt Ccy="EUR">105.00</Amt></TxAmt></AmtDtls><RltdPties><Dbtr><Nm>Kazlauskienė Žibutė</Nm></Dbtr><DbtrAcct><Id><IBAN>LT337180500222733200</IBAN></Id></DbtrAcct></RltdPties><RltdAgts><DbtrAgt><FinInstnId><BIC>CBSBLT26XXX</BIC></FinInstnId></DbtrAgt></RltdAgts><RmtInf><Ustrd>A105</Ustrd></RmtInf></TxDtls></NtryDtls></Ntry><Ntry><NtryRef>2025111501898217-1</NtryRef><Amt Ccy="EUR">50.00</Amt><CdtDbtInd>CRDT</CdtDbtInd><Sts>BOOK</Sts><BookgDt><Dt>2025-11-15</Dt></BookgDt><ValDt><Dt>2025-11-15</Dt></ValDt><AcctSvcrRef>2025111501898217-1</AcctSvcrRef><BkTxCd><Domn><Cd>PMNT</Cd><Fmly><Cd>RCDT</Cd><SubFmlyCd>ESCT</SubFmlyCd></Fmly></Domn><Prtry><Cd>MK</Cd><Issr>Swedbank AB</Issr></Prtry></BkTxCd><NtryDtls><TxDtls><Refs><AcctSvcrRef>2025111501898217-1</AcctSvcrRef><EndToEndId>NOTPROVIDED</EndToEndId></Refs><AmtDtls><InstdAmt><Amt Ccy="EUR">50.00</Amt></InstdAmt><TxAmt><Amt Ccy="EUR">50.00</Amt></TxAmt></AmtDtls><RltdPties><Dbtr><Nm>GAIDELIENĖ ŽANA</Nm></Dbtr><DbtrAcct><Id><IBAN>LT737044060007716395</IBAN></Id></DbtrAcct></RltdPties><RltdAgts><DbtrAgt><FinInstnId><BIC>CBVILT2X</BIC></FinInstnId></DbtrAgt></RltdAgts><RmtInf><Ustrd>Zana Gaideliene</Ustrd></RmtInf></TxDtls></NtryDtls></Ntry><Ntry><NtryRef>2025111502290485-1</NtryRef><Amt Ccy="EUR">487.00</Amt><CdtDbtInd>CRDT</CdtDbtInd><Sts>BOOK</Sts><BookgDt><Dt>2025-11-15</Dt></BookgDt><ValDt><Dt>2025-11-15</Dt></ValDt><AcctSvcrRef>2025111502290485-1</AcctSvcrRef><BkTxCd><Domn><Cd>PMNT</Cd><Fmly><Cd>RCDT</Cd><SubFmlyCd>BOOK</SubFmlyCd></Fmly></Domn><Prtry><Cd>MK</Cd><Issr>Swedbank AB</Issr></Prtry></BkTxCd><NtryDtls><TxDtls><Refs><AcctSvcrRef>2025111502290485-1</AcctSvcrRef></Refs><AmtDtls><InstdAmt><Amt Ccy="EUR">487.00</Amt></InstdAmt><TxAmt><Amt Ccy="EUR">487.00</Amt></TxAmt></AmtDtls><RltdPties><Dbtr><Nm>UAB DAINORA EVENTS</Nm></Dbtr><DbtrAcct><Id><IBAN>LT427300010151452287</IBAN></Id></DbtrAcct></RltdPties><RltdAgts><DbtrAgt><FinInstnId><BIC>HABALT22</BIC></FinInstnId></DbtrAgt></RltdAgts><RmtInf><Ustrd>Išankstinis pavedimas</Ustrd></RmtInf></TxDtls></NtryDtls></Ntry><Ntry><NtryRef>2025111600066533-1</NtryRef><Amt Ccy="EUR">78.00</Amt><CdtDbtInd>CRDT</CdtDbtInd><Sts>BOOK</Sts><BookgDt><Dt>2025-11-16</Dt></BookgDt><ValDt><Dt>2025-11-16</Dt></ValDt><AcctSvcrRef>2025111600066533-1</AcctSvcrRef><BkTxCd><Domn><Cd>PMNT</Cd><Fmly><Cd>RCDT</Cd><SubFmlyCd>ESCT</SubFmlyCd></Fmly></Domn><Prtry><Cd>MK</Cd><Issr>Swedbank AB</Issr></Prtry></BkTxCd><NtryDtls><TxDtls><Refs><AcctSvcrRef>2025111600066533-1</AcctSvcrRef><EndToEndId>NOTPROVIDED</EndToEndId></Refs><AmtDtls><InstdAmt><Amt Ccy="EUR">78.00</Amt></InstdAmt><TxAmt><Amt Ccy="EUR">78.00</Amt></TxAmt></AmtDtls><RltdPties><Dbtr><Nm>LIUBECKIENĖ SVETLANA</Nm></Dbtr><DbtrAcct><Id><IBAN>LT207044000420619386</IBAN></Id></DbtrAcct></RltdPties><RltdAgts><DbtrAgt><FinInstnId><BIC>CBVILT2X</BIC></FinInstnId></DbtrAgt></RltdAgts><RmtInf><Ustrd>Svetlana Liubeckienė</Ustrd></RmtInf></TxDtls></NtryDtls></Ntry><Ntry><NtryRef>2025111601911765-1</NtryRef><Amt Ccy="EUR">105.00</Amt><CdtDbtInd>CRDT</CdtDbtInd><Sts>BOOK</Sts><BookgDt><Dt>2025-11-16</Dt></BookgDt><ValDt><Dt>2025-11-16</Dt></ValDt><AcctSvcrRef>2025111601911765-1</AcctSvcrRef><BkTxCd><Domn><Cd>PMNT</Cd><Fmly><Cd>RCDT</Cd><SubFmlyCd>BOOK</SubFmlyCd></Fmly></Domn><Prtry><Cd>MK</Cd><Issr>Swedbank AB</Issr></Prtry></BkTxCd><NtryDtls><TxDtls><Refs><AcctSvcrRef>2025111601911765-1</AcctSvcrRef></Refs><AmtDtls><InstdAmt><Amt Ccy="EUR">105.00</Amt></InstdAmt><TxAmt><Amt Ccy="EUR">105.00</Amt></TxAmt></AmtDtls><RltdPties><Dbtr><Nm>RENATA KIROVSKAJA</Nm></Dbtr><DbtrAcct><Id><IBAN>LT367300010001110446</IBAN></Id></DbtrAcct></RltdPties><RltdAgts><DbtrAgt><FinInstnId><BIC>HABALT22</BIC></FinInstnId></DbtrAgt></RltdAgts><RmtInf><Ustrd>Užsakymo numeris: 3752, U 50 moka 39,U55 moka39</Ustrd></RmtInf></TxDtls></NtryDtls></Ntry><Ntry><NtryRef>2025111602636946-1</NtryRef><Amt Ccy="EUR">73.00</Amt><CdtDbtInd>CRDT</CdtDbtInd><Sts>BOOK</Sts><BookgDt><Dt>2025-11-16</Dt></BookgDt><ValDt><Dt>2025-11-16</Dt></ValDt><AcctSvcrRef>2025111602636946-1</AcctSvcrRef><BkTxCd><Domn><Cd>PMNT</Cd><Fmly><Cd>RCDT</Cd><SubFmlyCd>BOOK</SubFmlyCd></Fmly></Domn><Prtry><Cd>MK</Cd><Issr>Swedbank AB</Issr></Prtry></BkTxCd><NtryDtls><TxDtls><Refs><AcctSvcrRef>2025111602636946-1</AcctSvcrRef></Refs><AmtDtls><InstdAmt><Amt Ccy="EUR">73.00</Amt></InstdAmt><TxAmt><Amt Ccy="EUR">73.00</Amt></TxAmt></AmtDtls><RltdPties><Dbtr><Nm>AUKSĖ JANKAUSKIENĖ</Nm></Dbtr><DbtrAcct><Id><IBAN>LT117300010032276511</IBAN></Id></DbtrAcct></RltdPties><RltdAgts><DbtrAgt><FinInstnId><BIC>HABALT22</BIC></FinInstnId></DbtrAgt></RltdAgts><RmtInf><Ustrd>Užsakymas  3756. M36 vanilė, M34 baklažanas</Ustrd></RmtInf></TxDtls></NtryDtls></Ntry><Ntry><NtryRef>2025111602790619-1</NtryRef><Amt Ccy="EUR">1.00</Amt><CdtDbtInd>CRDT</CdtDbtInd><Sts>BOOK</Sts><BookgDt><Dt>2025-11-16</Dt></BookgDt><ValDt><Dt>2025-11-16</Dt></ValDt><AcctSvcrRef>2025111602790619-1</AcctSvcrRef><BkTxCd><Domn><Cd>PMNT</Cd><Fmly><Cd>RCDT</Cd><SubFmlyCd>BOOK</SubFmlyCd></Fmly></Domn><Prtry><Cd>MK</Cd><Issr>Swedbank AB</Issr></Prtry></BkTxCd><NtryDtls><TxDtls><Refs><AcctSvcrRef>2025111602790619-1</AcctSvcrRef></Refs><AmtDtls><InstdAmt><Amt Ccy="EUR">1.00</Amt></InstdAmt><TxAmt><Amt Ccy="EUR">1.00</Amt></TxAmt></AmtDtls><RltdPties><Dbtr><Nm>PALMIRA SKVIRECKIENĖ</Nm></Dbtr><DbtrAcct><Id><IBAN>LT957300010098583714</IBAN></Id></DbtrAcct></RltdPties><RltdAgts><DbtrAgt><FinInstnId><BIC>HABALT22</BIC></FinInstnId></DbtrAgt></RltdAgts><RmtInf><Ustrd>Palmira Skvireckienė</Ustrd></RmtInf></TxDtls></NtryDtls></Ntry><Ntry><NtryRef>2025111702535209-1</NtryRef><Amt Ccy="EUR">51.00</Amt><CdtDbtInd>CRDT</CdtDbtInd><Sts>BOOK</Sts><BookgDt><Dt>2025-11-17</Dt></BookgDt><ValDt><Dt>2025-11-17</Dt></ValDt><AcctSvcrRef>2025111702535209-1</AcctSvcrRef><BkTxCd><Domn><Cd>PMNT</Cd><Fmly><Cd>RCDT</Cd><SubFmlyCd>BOOK</SubFmlyCd></Fmly></Domn><Prtry><Cd>MK</Cd><Issr>Swedbank AB</Issr></Prtry></BkTxCd><NtryDtls><TxDtls><Refs><AcctSvcrRef>2025111702535209-1</AcctSvcrRef></Refs><AmtDtls><InstdAmt><Amt Ccy="EUR">51.00</Amt></InstdAmt><TxAmt><Amt Ccy="EUR">51.00</Amt></TxAmt></AmtDtls><RltdPties><Dbtr><Nm>IRENA KUNCĖ</Nm></Dbtr><DbtrAcct><Id><IBAN>LT167300010147431814</IBAN></Id></DbtrAcct></RltdPties><RltdAgts><DbtrAgt><FinInstnId><BIC>HABALT22</BIC></FinInstnId></DbtrAgt></RltdAgts><RmtInf><Ustrd>R48 juoda</Ustrd></RmtInf></TxDtls></NtryDtls></Ntry><Ntry><NtryRef>2025111703578126-1</NtryRef><Amt Ccy="EUR">58.00</Amt><CdtDbtInd>CRDT</CdtDbtInd><Sts>BOOK</Sts><BookgDt><Dt>2025-11-17</Dt></BookgDt><ValDt><Dt>2025-11-17</Dt></ValDt><AcctSvcrRef>2025111703578126-1</AcctSvcrRef><BkTxCd><Domn><Cd>PMNT</Cd><Fmly><Cd>RCDT</Cd><SubFmlyCd>BOOK</SubFmlyCd></Fmly></Domn><Prtry><Cd>MK</Cd><Issr>Swedbank AB</Issr></Prtry></BkTxCd><NtryDtls><TxDtls><Refs><AcctSvcrRef>2025111703578126-1</AcctSvcrRef></Refs><AmtDtls><InstdAmt><Amt Ccy="EUR">58.00</Amt></InstdAmt><TxAmt><Amt Ccy="EUR">58.00</Amt></TxAmt></AmtDtls><RltdPties><Dbtr><Nm>DIANA AMBRAŠKIENĖ</Nm></Dbtr><DbtrAcct><Id><IBAN>LT267300010080519482</IBAN></Id></DbtrAcct></RltdPties><RltdAgts><DbtrAgt><FinInstnId><BIC>HABALT22</BIC></FinInstnId></DbtrAgt></RltdAgts><RmtInf><Ustrd>O55,dydis L/XL,spalva juoda</Ustrd></RmtInf></TxDtls></NtryDtls></Ntry><Ntry><NtryRef>2025111703847017-1</NtryRef><Amt Ccy="EUR">98.00</Amt><CdtDbtInd>CRDT</CdtDbtInd><Sts>BOOK</Sts><BookgDt><Dt>2025-11-17</Dt></BookgDt><ValDt><Dt>2025-11-17</Dt></ValDt><AcctSvcrRef>2025111703847017-1</AcctSvcrRef><BkTxCd><Domn><Cd>PMNT</Cd><Fmly><Cd>RCDT</Cd><SubFmlyCd>BOOK</SubFmlyCd></Fmly></Domn><Prtry><Cd>MK</Cd><Issr>Swedbank AB</Issr></Prtry></BkTxCd><NtryDtls><TxDtls><Refs><AcctSvcrRef>2025111703847017-1</AcctSvcrRef></Refs><AmtDtls><InstdAmt><Amt Ccy="EUR">98.00</Amt></InstdAmt><TxAmt><Amt Ccy="EUR">98.00</Amt></TxAmt></AmtDtls><RltdPties><Dbtr><Nm>DIJANA ŠOPIENĖ</Nm></Dbtr><DbtrAcct><Id><IBAN>LT057300010027517023</IBAN></Id></DbtrAcct></RltdPties><RltdAgts><DbtrAgt><FinInstnId><BIC>HABALT22</BIC></FinInstnId></DbtrAgt></RltdAgts><RmtInf><Ustrd>Paltas F95 moka xl . Diana Di, Gedimino 42A Radviliškis.  Tel.061132160</Ustrd></RmtInf></TxDtls></NtryDtls></Ntry><Ntry><NtryRef>2025111802888048-1</NtryRef><Amt Ccy="EUR">55.00</Amt><CdtDbtInd>CRDT</CdtDbtInd><Sts>BOOK</Sts><BookgDt><Dt>2025-11-18</Dt></BookgDt><ValDt><Dt>2025-11-18</Dt></ValDt><AcctSvcrRef>2025111802888048-1</AcctSvcrRef><BkTxCd><Domn><Cd>PMNT</Cd><Fmly><Cd>RCDT</Cd><SubFmlyCd>BOOK</SubFmlyCd></Fmly></Domn><Prtry><Cd>MK</Cd><Issr>Swedbank AB</Issr></Prtry></BkTxCd><NtryDtls><TxDtls><Refs><AcctSvcrRef>2025111802888048-1</AcctSvcrRef></Refs><AmtDtls><InstdAmt><Amt Ccy="EUR">55.00</Amt></InstdAmt><TxAmt><Amt Ccy="EUR">55.00</Amt></TxAmt></AmtDtls><RltdPties><Dbtr><Nm>AUŠRA SEREIKIENĖ</Nm></Dbtr><DbtrAcct><Id><IBAN>LT227300010138198179</IBAN></Id></DbtrAcct></RltdPties><RltdAgts><DbtrAgt><FinInstnId><BIC>HABALT22</BIC></FinInstnId></DbtrAgt></RltdAgts><RmtInf><Ustrd>055 rudos odinės kelnės M L dydis.</Ustrd></RmtInf></TxDtls></NtryDtls></Ntry><Ntry><NtryRef>2025111803218861-1</NtryRef><Amt Ccy="EUR">138.00</Amt><CdtDbtInd>CRDT</CdtDbtInd><Sts>BOOK</Sts><BookgDt><Dt>2025-11-18</Dt></BookgDt><ValDt><Dt>2025-11-18</Dt></ValDt><AcctSvcrRef>2025111803218861-1</AcctSvcrRef><BkTxCd><Domn><Cd>PMNT</Cd><Fmly><Cd>RCDT</Cd><SubFmlyCd>BOOK</SubFmlyCd></Fmly></Domn><Prtry><Cd>MK</Cd><Issr>Swedbank AB</Issr></Prtry></BkTxCd><NtryDtls><TxDtls><Refs><AcctSvcrRef>2025111803218861-1</AcctSvcrRef><InstrId>98</InstrId></Refs><AmtDtls><InstdAmt><Amt Ccy="EUR">138.00</Amt></InstdAmt><TxAmt><Amt Ccy="EUR">138.00</Amt></TxAmt></AmtDtls><RltdPties><Dbtr><Nm>KRISTINA ABRAITIENĖ</Nm></Dbtr><DbtrAcct><Id><IBAN>LT037300010025382768</IBAN></Id></DbtrAcct></RltdPties><RltdAgts><DbtrAgt><FinInstnId><BIC>HABALT22</BIC></FinInstnId></DbtrAgt></RltdAgts><RmtInf><Ustrd>(3831) Kristina Skabeikytė-Abraitienė</Ustrd></RmtInf></TxDtls></NtryDtls></Ntry><Ntry><NtryRef>2025111803499127-1</NtryRef><Amt Ccy="EUR">58.00</Amt><CdtDbtInd>CRDT</CdtDbtInd><Sts>BOOK</Sts><BookgDt><Dt>2025-11-18</Dt></BookgDt><ValDt><Dt>2025-11-18</Dt></ValDt><AcctSvcrRef>2025111803499127-1</AcctSvcrRef><BkTxCd><Domn><Cd>PMNT</Cd><Fmly><Cd>RCDT</Cd><SubFmlyCd>BOOK</SubFmlyCd></Fmly></Domn><Prtry><Cd>MK</Cd><Issr>Swedbank AB</Issr></Prtry></BkTxCd><NtryDtls><TxDtls><Refs><AcctSvcrRef>2025111803499127-1</AcctSvcrRef></Refs><AmtDtls><InstdAmt><Amt Ccy="EUR">58.00</Amt></InstdAmt><TxAmt><Amt Ccy="EUR">58.00</Amt></TxAmt></AmtDtls><RltdPties><Dbtr><Nm>AUDRONĖ STUMBRIENĖ</Nm></Dbtr><DbtrAcct><Id><IBAN>LT427300010022802254</IBAN></Id></DbtrAcct></RltdPties><RltdAgts><DbtrAgt><FinInstnId><BIC>HABALT22</BIC></FinInstnId></DbtrAgt></RltdAgts><RmtInf><Ustrd>Audra Kym O55 juodos L xl</Ustrd></RmtInf></TxDtls></NtryDtls></Ntry><Ntry><NtryRef>2025111902138150-1</NtryRef><Amt Ccy="EUR">123.00</Amt><CdtDbtInd>CRDT</CdtDbtInd><Sts>BOOK</Sts><BookgDt><Dt>2025-11-19</Dt></BookgDt><ValDt><Dt>2025-11-19</Dt></ValDt><AcctSvcrRef>2025111902138150-1</AcctSvcrRef><BkTxCd><Domn><Cd>PMNT</Cd><Fmly><Cd>RCDT</Cd><SubFmlyCd>BOOK</SubFmlyCd></Fmly></Domn><Prtry><Cd>MK</Cd><Issr>Swedbank AB</Issr></Prtry></BkTxCd><NtryDtls><TxDtls><Refs><AcctSvcrRef>2025111902138150-1</AcctSvcrRef></Refs><AmtDtls><InstdAmt><Amt Ccy="EUR">123.00</Amt></InstdAmt><TxAmt><Amt Ccy="EUR">123.00</Amt></TxAmt></AmtDtls><RltdPties><Dbtr><Nm>JOLANTA ČERŠKUVIENĖ</Nm></Dbtr><DbtrAcct><Id><IBAN>LT407300010103256321</IBAN></Id></DbtrAcct></RltdPties><RltdAgts><DbtrAgt><FinInstnId><BIC>HABALT22</BIC></FinInstnId></DbtrAgt></RltdAgts><RmtInf><Ustrd>Jolanta Čerškuvienė A120 moka s/m</Ustrd></RmtInf></TxDtls></NtryDtls></Ntry><Ntry><NtryRef>2025112000709478-1</NtryRef><Amt Ccy="EUR">60.00</Amt><CdtDbtInd>CRDT</CdtDbtInd><Sts>BOOK</Sts><BookgDt><Dt>2025-11-20</Dt></BookgDt><ValDt><Dt>2025-11-20</Dt></ValDt><AcctSvcrRef>2025112000709478-1</AcctSvcrRef><BkTxCd><Domn><Cd>PMNT</Cd><Fmly><Cd>RCDT</Cd><SubFmlyCd>ESCT</SubFmlyCd></Fmly></Domn><Prtry><Cd>MK</Cd><Issr>Swedbank AB</Issr></Prtry></BkTxCd><NtryDtls><TxDtls><Refs><AcctSvcrRef>2025112000709478-1</AcctSvcrRef><EndToEndId>NOTPROVIDED</EndToEndId></Refs><AmtDtls><InstdAmt><Amt Ccy="EUR">60.00</Amt></InstdAmt><TxAmt><Amt Ccy="EUR">60.00</Amt></TxAmt></AmtDtls><RltdPties><Dbtr><Nm>Vaiva Čikonytė</Nm></Dbtr><DbtrAcct><Id><IBAN>LT354010041200604060</IBAN></Id></DbtrAcct></RltdPties><RltdAgts><DbtrAgt><FinInstnId><BIC>AGBLLT2XXXX</BIC></FinInstnId></DbtrAgt></RltdAgts><RmtInf><Ustrd>Vaiva Čikonytė</Ustrd></RmtInf></TxDtls></NtryDtls></Ntry><Ntry><NtryRef>2025112001021263-1</NtryRef><Amt Ccy="EUR">67.00</Amt><CdtDbtInd>CRDT</CdtDbtInd><Sts>BOOK</Sts><BookgDt><Dt>2025-11-20</Dt></BookgDt><ValDt><Dt>2025-11-20</Dt></ValDt><AcctSvcrRef>2025112001021263-1</AcctSvcrRef><BkTxCd><Domn><Cd>PMNT</Cd><Fmly><Cd>RCDT</Cd><SubFmlyCd>BOOK</SubFmlyCd></Fmly></Domn><Prtry><Cd>MK</Cd><Issr>Swedbank AB</Issr></Prtry></BkTxCd><NtryDtls><TxDtls><Refs><AcctSvcrRef>2025112001021263-1</AcctSvcrRef></Refs><AmtDtls><InstdAmt><Amt Ccy="EUR">67.00</Amt></InstdAmt><TxAmt><Amt Ccy="EUR">67.00</Amt></TxAmt></AmtDtls><RltdPties><Dbtr><Nm>PALMIRA SKVIRECKIENĖ</Nm></Dbtr><DbtrAcct><Id><IBAN>LT957300010098583714</IBAN></Id></DbtrAcct></RltdPties><RltdAgts><DbtrAgt><FinInstnId><BIC>HABALT22</BIC></FinInstnId></DbtrAgt></RltdAgts><RmtInf><Ustrd>Palmira Skvireckienė</Ustrd></RmtInf></TxDtls></NtryDtls></Ntry><Ntry><NtryRef>2025112001990424-1</NtryRef><Amt Ccy="EUR">48.00</Amt><CdtDbtInd>CRDT</CdtDbtInd><Sts>BOOK</Sts><BookgDt><Dt>2025-11-20</Dt></BookgDt><ValDt><Dt>2025-11-20</Dt></ValDt><AcctSvcrRef>2025112001990424-1</AcctSvcrRef><BkTxCd><Domn><Cd>PMNT</Cd><Fmly><Cd>RCDT</Cd><SubFmlyCd>BOOK</SubFmlyCd></Fmly></Domn><Prtry><Cd>MK</Cd><Issr>Swedbank AB</Issr></Prtry></BkTxCd><NtryDtls><TxDtls><Refs><AcctSvcrRef>2025112001990424-1</AcctSvcrRef></Refs><AmtDtls><InstdAmt><Amt Ccy="EUR">48.00</Amt></InstdAmt><TxAmt><Amt Ccy="EUR">48.00</Amt></TxAmt></AmtDtls><RltdPties><Dbtr><Nm>MIGLĖ DŪDIENĖ</Nm></Dbtr><DbtrAcct><Id><IBAN>LT407300010091041305</IBAN></Id></DbtrAcct></RltdPties><RltdAgts><DbtrAgt><FinInstnId><BIC>HABALT22</BIC></FinInstnId></DbtrAgt></RltdAgts><RmtInf><Ustrd>Migle Si</Ustrd></RmtInf></TxDtls></NtryDtls></Ntry><Ntry><NtryRef>2025112002244322-1</NtryRef><Amt Ccy="EUR">43.00</Amt><CdtDbtInd>CRDT</CdtDbtInd><Sts>BOOK</Sts><BookgDt><Dt>2025-11-20</Dt></BookgDt><ValDt><Dt>2025-11-20</Dt></ValDt><AcctSvcrRef>2025112002244322-1</AcctSvcrRef><BkTxCd><Domn><Cd>PMNT</Cd><Fmly><Cd>RCDT</Cd><SubFmlyCd>BOOK</SubFmlyCd></Fmly></Domn><Prtry><Cd>MK</Cd><Issr>Swedbank AB</Issr></Prtry></BkTxCd><NtryDtls><TxDtls><Refs><AcctSvcrRef>2025112002244322-1</AcctSvcrRef><InstrId>416</InstrId></Refs><AmtDtls><InstdAmt><Amt Ccy="EUR">43.00</Amt></InstdAmt><TxAmt><Amt Ccy="EUR">43.00</Amt></TxAmt></AmtDtls><RltdPties><Dbtr><Nm>VILIJA RAŠTUTIENĖ</Nm></Dbtr><DbtrAcct><Id><IBAN>LT597300010083220338</IBAN></Id></DbtrAcct></RltdPties><RltdAgts><DbtrAgt><FinInstnId><BIC>HABALT22</BIC></FinInstnId></DbtrAgt></RltdAgts><RmtInf><Ustrd>Uz prekes</Ustrd></RmtInf></TxDtls></NtryDtls></Ntry><Ntry><NtryRef>2025112002930115-1</NtryRef><Amt Ccy="EUR">69.00</Amt><CdtDbtInd>CRDT</CdtDbtInd><Sts>BOOK</Sts><BookgDt><Dt>2025-11-20</Dt></BookgDt><ValDt><Dt>2025-11-20</Dt></ValDt><AcctSvcrRef>2025112002930115-1</AcctSvcrRef><BkTxCd><Domn><Cd>PMNT</Cd><Fmly><Cd>RCDT</Cd><SubFmlyCd>BOOK</SubFmlyCd></Fmly></Domn><Prtry><Cd>MK</Cd><Issr>Swedbank AB</Issr></Prtry></BkTxCd><NtryDtls><TxDtls><Refs><AcctSvcrRef>2025112002930115-1</AcctSvcrRef></Refs><AmtDtls><InstdAmt><Amt Ccy="EUR">69.00</Amt></InstdAmt><TxAmt><Amt Ccy="EUR">69.00</Amt></TxAmt></AmtDtls><RltdPties><Dbtr><Nm>DIANA PAMPARIENĖ</Nm></Dbtr><DbtrAcct><Id><IBAN>LT397300010007502207</IBAN></Id></DbtrAcct></RltdPties><RltdAgts><DbtrAgt><FinInstnId><BIC>HABALT22</BIC></FinInstnId></DbtrAgt></RltdAgts><RmtInf><Ustrd>Kostimėlis 28. Puspaltis 30 ir golfas 8</Ustrd></RmtInf></TxDtls></NtryDtls></Ntry><Ntry><NtryRef>2025112102616858-1</NtryRef><Amt Ccy="EUR">337.00</Amt><CdtDbtInd>CRDT</CdtDbtInd><Sts>BOOK</Sts><BookgDt><Dt>2025-11-21</Dt></BookgDt><ValDt><Dt>2025-11-21</Dt></ValDt><AcctSvcrRef>2025112102616858-1</AcctSvcrRef><BkTxCd><Domn><Cd>PMNT</Cd><Fmly><Cd>RCDT</Cd><SubFmlyCd>BOOK</SubFmlyCd></Fmly></Domn><Prtry><Cd>MK</Cd><Issr>Swedbank AB</Issr></Prtry></BkTxCd><NtryDtls><TxDtls><Refs><AcctSvcrRef>2025112102616858-1</AcctSvcrRef><InstrId>279</InstrId></Refs><AmtDtls><InstdAmt><Amt Ccy="EUR">337.00</Amt></InstdAmt><TxAmt><Amt Ccy="EUR">337.00</Amt></TxAmt></AmtDtls><RltdPties><Dbtr><Nm>UAB DAINORA EVENTS</Nm></Dbtr><DbtrAcct><Id><IBAN>LT427300010151452287</IBAN></Id></DbtrAcct></RltdPties><RltdAgts><DbtrAgt><FinInstnId><BIC>HABALT22</BIC></FinInstnId></DbtrAgt></RltdAgts><RmtInf><Ustrd>Išankstinis pavedimas</Ustrd></RmtInf></TxDtls></NtryDtls></Ntry><Ntry><NtryRef>2025112102791075-1</NtryRef><Amt Ccy="EUR">26.00</Amt><CdtDbtInd>CRDT</CdtDbtInd><Sts>BOOK</Sts><BookgDt><Dt>2025-11-21</Dt></BookgDt><ValDt><Dt>2025-11-21</Dt></ValDt><AcctSvcrRef>2025112102791075-1</AcctSvcrRef><BkTxCd><Domn><Cd>PMNT</Cd><Fmly><Cd>RCDT</Cd><SubFmlyCd>BOOK</SubFmlyCd></Fmly></Domn><Prtry><Cd>MK</Cd><Issr>Swedbank AB</Issr></Prtry></BkTxCd><NtryDtls><TxDtls><Refs><AcctSvcrRef>2025112102791075-1</AcctSvcrRef></Refs><AmtDtls><InstdAmt><Amt Ccy="EUR">26.00</Amt></InstdAmt><TxAmt><Amt Ccy="EUR">26.00</Amt></TxAmt></AmtDtls><RltdPties><Dbtr><Nm>MIGLĖ DŪDIENĖ</Nm></Dbtr><DbtrAcct><Id><IBAN>LT407300010091041305</IBAN></Id></DbtrAcct></RltdPties><RltdAgts><DbtrAgt><FinInstnId><BIC>HABALT22</BIC></FinInstnId></DbtrAgt></RltdAgts><RmtInf><Ustrd>Migle Si</Ustrd></RmtInf></TxDtls></NtryDtls></Ntry><Ntry><NtryRef>2025112102933942-1</NtryRef><Amt Ccy="EUR">55.00</Amt><CdtDbtInd>CRDT</CdtDbtInd><Sts>BOOK</Sts><BookgDt><Dt>2025-11-21</Dt></BookgDt><ValDt><Dt>2025-11-21</Dt></ValDt><AcctSvcrRef>2025112102933942-1</AcctSvcrRef><BkTxCd><Domn><Cd>PMNT</Cd><Fmly><Cd>RCDT</Cd><SubFmlyCd>BOOK</SubFmlyCd></Fmly></Domn><Prtry><Cd>MK</Cd><Issr>Swedbank AB</Issr></Prtry></BkTxCd><NtryDtls><TxDtls><Refs><AcctSvcrRef>2025112102933942-1</AcctSvcrRef></Refs><AmtDtls><InstdAmt><Amt Ccy="EUR">55.00</Amt></InstdAmt><TxAmt><Amt Ccy="EUR">55.00</Amt></TxAmt></AmtDtls><RltdPties><Dbtr><Nm>VIOLETA JACIUNSKIENĖ</Nm></Dbtr><DbtrAcct><Id><IBAN>LT967300010024565227</IBAN></Id></DbtrAcct></RltdPties><RltdAgts><DbtrAgt><FinInstnId><BIC>HABALT22</BIC></FinInstnId></DbtrAgt></RltdAgts><RmtInf><Ustrd>Violeta Jaciunskienė</Ustrd></RmtInf></TxDtls></NtryDtls></Ntry><Ntry><NtryRef>2025112202570648-1</NtryRef><Amt Ccy="EUR">44.00</Amt><CdtDbtInd>CRDT</CdtDbtInd><Sts>BOOK</Sts><BookgDt><Dt>2025-11-22</Dt></BookgDt><ValDt><Dt>2025-11-22</Dt></ValDt><AcctSvcrRef>2025112202570648-1</AcctSvcrRef><BkTxCd><Domn><Cd>PMNT</Cd><Fmly><Cd>RCDT</Cd><SubFmlyCd>BOOK</SubFmlyCd></Fmly></Domn><Prtry><Cd>MK</Cd><Issr>Swedbank AB</Issr></Prtry></BkTxCd><NtryDtls><TxDtls><Refs><AcctSvcrRef>2025112202570648-1</AcctSvcrRef></Refs><AmtDtls><InstdAmt><Amt Ccy="EUR">44.00</Amt></InstdAmt><TxAmt><Amt Ccy="EUR">44.00</Amt></TxAmt></AmtDtls><RltdPties><Dbtr><Nm>ERNESTA KONDRATAVIČIENĖ</Nm></Dbtr><DbtrAcct><Id><IBAN>LT297300010094786382</IBAN></Id></DbtrAcct></RltdPties><RltdAgts><DbtrAgt><FinInstnId><BIC>HABALT22</BIC></FinInstnId></DbtrAgt></RltdAgts><RmtInf><Ustrd>Ernesta Kondratavičienė</Ustrd></RmtInf></TxDtls></NtryDtls></Ntry><Ntry><NtryRef>2025112402433451-1</NtryRef><Amt Ccy="EUR">87.20</Amt><CdtDbtInd>CRDT</CdtDbtInd><Sts>BOOK</Sts><BookgDt><Dt>2025-11-24</Dt></BookgDt><ValDt><Dt>2025-11-24</Dt></ValDt><AcctSvcrRef>2025112402433451-1</AcctSvcrRef><BkTxCd><Domn><Cd>PMNT</Cd><Fmly><Cd>RCDT</Cd><SubFmlyCd>BOOK</SubFmlyCd></Fmly></Domn><Prtry><Cd>MK</Cd><Issr>Swedbank AB</Issr></Prtry></BkTxCd><NtryDtls><TxDtls><Refs><AcctSvcrRef>2025112402433451-1</AcctSvcrRef></Refs><AmtDtls><InstdAmt><Amt Ccy="EUR">87.20</Amt></InstdAmt><TxAmt><Amt Ccy="EUR">87.20</Amt></TxAmt></AmtDtls><RltdPties><Dbtr><Nm>IRENA UDRAITĖ</Nm></Dbtr><DbtrAcct><Id><IBAN>LT547300010077252794</IBAN></Id></DbtrAcct></RltdPties><RltdAgts><DbtrAgt><FinInstnId><BIC>HABALT22</BIC></FinInstnId></DbtrAgt></RltdAgts><RmtInf><Ustrd>Irena Udraite</Ustrd></RmtInf></TxDtls></NtryDtls></Ntry><Ntry><NtryRef>2025112501877524-1</NtryRef><Amt Ccy="EUR">1503.60</Amt><CdtDbtInd>DBIT</CdtDbtInd><Sts>BOOK</Sts><BookgDt><Dt>2025-11-25</Dt></BookgDt><ValDt><Dt>2025-11-25</Dt></ValDt><AcctSvcrRef>2025112501877524-1</AcctSvcrRef><BkTxCd><Domn><Cd>PMNT</Cd><Fmly><Cd>ICDT</Cd><SubFmlyCd>ESCT</SubFmlyCd></Fmly></Domn><Prtry><Cd>MK</Cd><Issr>Swedbank AB</Issr></Prtry></BkTxCd><NtryDtls><TxDtls><Refs><AcctSvcrRef>2025112501877524-1</AcctSvcrRef><InstrId>66</InstrId></Refs><AmtDtls><InstdAmt><Amt Ccy="EUR">1503.60</Amt></InstdAmt><TxAmt><Amt Ccy="EUR">1503.60</Amt></TxAmt></AmtDtls><RltdPties><Cdtr><Nm>Imperial</Nm></Cdtr><CdtrAcct><Id><IBAN>IT81L0306936745100000009552</IBAN></Id></CdtrAcct></RltdPties><RltdAgts><CdtrAgt><FinInstnId><BIC>BCITITMMXXX</BIC></FinInstnId></CdtrAgt></RltdAgts><RmtInf><Ustrd>11149/I 24/11/25</Ustrd></RmtInf></TxDtls></NtryDtls></Ntry><Ntry><NtryRef>2025112501894929-1</NtryRef><Amt Ccy="EUR">30.00</Amt><CdtDbtInd>CRDT</CdtDbtInd><Sts>BOOK</Sts><BookgDt><Dt>2025-11-25</Dt></BookgDt><ValDt><Dt>2025-11-25</Dt></ValDt><AcctSvcrRef>2025112501894929-1</AcctSvcrRef><BkTxCd><Domn><Cd>PMNT</Cd><Fmly><Cd>RCDT</Cd><SubFmlyCd>BOOK</SubFmlyCd></Fmly></Domn><Prtry><Cd>MK</Cd><Issr>Swedbank AB</Issr></Prtry></BkTxCd><NtryDtls><TxDtls><Refs><AcctSvcrRef>2025112501894929-1</AcctSvcrRef></Refs><AmtDtls><InstdAmt><Amt Ccy="EUR">30.00</Amt></InstdAmt><TxAmt><Amt Ccy="EUR">30.00</Amt></TxAmt></AmtDtls><RltdPties><Dbtr><Nm>NERINGA JACKEVIČĖ</Nm></Dbtr><DbtrAcct><Id><IBAN>LT587300010157891635</IBAN></Id></DbtrAcct></RltdPties><RltdAgts><DbtrAgt><FinInstnId><BIC>HABALT22</BIC></FinInstnId></DbtrAgt></RltdAgts><RmtInf><Ustrd>R54 Šoko (24 EUR pervesta atskirai ką tik netyčia)</Ustrd></RmtInf></TxDtls></NtryDtls></Ntry><Ntry><NtryRef>2025112501978059-1</NtryRef><Amt Ccy="EUR">92.00</Amt><CdtDbtInd>DBIT</CdtDbtInd><Sts>BOOK</Sts><BookgDt><Dt>2025-11-25</Dt></BookgDt><ValDt><Dt>2025-11-25</Dt></ValDt><AcctSvcrRef>2025112501978059-1</AcctSvcrRef><BkTxCd><Domn><Cd>PMNT</Cd><Fmly><Cd>ICDT</Cd><SubFmlyCd>BOOK</SubFmlyCd></Fmly></Domn><Prtry><Cd>MK</Cd><Issr>Swedbank AB</Issr></Prtry></BkTxCd><NtryDtls><TxDtls><Refs><AcctSvcrRef>2025112501978059-1</AcctSvcrRef><InstrId>67</InstrId></Refs><AmtDtls><InstdAmt><Amt Ccy="EUR">92.00</Amt></InstdAmt><TxAmt><Amt Ccy="EUR">92.00</Amt></TxAmt></AmtDtls><RltdPties><Cdtr><Nm>JOLANTA STANKEVIČIENĖ</Nm></Cdtr><CdtrAcct><Id><IBAN>LT617300010144664176</IBAN></Id></CdtrAcct></RltdPties><RltdAgts><CdtrAgt><FinInstnId><BIC>HABALT22XXX</BIC></FinInstnId></CdtrAgt></RltdAgts><RmtInf><Ustrd>grazinimas</Ustrd></RmtInf></TxDtls></NtryDtls></Ntry><Ntry><NtryRef>2025112502004299-1</NtryRef><Amt Ccy="EUR">30.00</Amt><CdtDbtInd>DBIT</CdtDbtInd><Sts>BOOK</Sts><BookgDt><Dt>2025-11-25</Dt></BookgDt><ValDt><Dt>2025-11-25</Dt></ValDt><AcctSvcrRef>2025112502004299-1</AcctSvcrRef><BkTxCd><Domn><Cd>PMNT</Cd><Fmly><Cd>ICDT</Cd><SubFmlyCd>BOOK</SubFmlyCd></Fmly></Domn><Prtry><Cd>MK</Cd><Issr>Swedbank AB</Issr></Prtry></BkTxCd><NtryDtls><TxDtls><Refs><AcctSvcrRef>2025112502004299-1</AcctSvcrRef><InstrId>68</InstrId></Refs><AmtDtls><InstdAmt><Amt Ccy="EUR">30.00</Amt></InstdAmt><TxAmt><Amt Ccy="EUR">30.00</Amt></TxAmt></AmtDtls><RltdPties><Cdtr><Nm>NERINGA JACKEVIČĖ</Nm></Cdtr><CdtrAcct><Id><IBAN>LT587300010157891635</IBAN></Id></CdtrAcct></RltdPties><RltdAgts><CdtrAgt><FinInstnId><BIC>HABALT22XXX</BIC></FinInstnId></CdtrAgt></RltdAgts><RmtInf><Ustrd>grazinama permoka</Ustrd></RmtInf></TxDtls></NtryDtls></Ntry><Ntry><NtryRef>2025112602020300-1</NtryRef><Amt Ccy="EUR">38.00</Amt><CdtDbtInd>DBIT</CdtDbtInd><Sts>BOOK</Sts><BookgDt><Dt>2025-11-26</Dt></BookgDt><ValDt><Dt>2025-11-26</Dt></ValDt><AcctSvcrRef>2025112602020300-1</AcctSvcrRef><BkTxCd><Domn><Cd>PMNT</Cd><Fmly><Cd>ICDT</Cd><SubFmlyCd>ESCT</SubFmlyCd></Fmly></Domn><Prtry><Cd>MK</Cd><Issr>Swedbank AB</Issr></Prtry></BkTxCd><NtryDtls><TxDtls><Refs><AcctSvcrRef>2025112602020300-1</AcctSvcrRef><InstrId>69</InstrId></Refs><AmtDtls><InstdAmt><Amt Ccy="EUR">38.00</Amt></InstdAmt><TxAmt><Amt Ccy="EUR">38.00</Amt></TxAmt></AmtDtls><RltdPties><Cdtr><Nm>Rimante Margarita Jaskuliene</Nm></Cdtr><CdtrAcct><Id><IBAN>LT557044000349615047</IBAN></Id></CdtrAcct></RltdPties><RltdAgts><CdtrAgt><FinInstnId><BIC>CBVILT2XXXX</BIC></FinInstnId></CdtrAgt></RltdAgts><RmtInf><Ustrd>grazinimas</Ustrd></RmtInf></TxDtls></NtryDtls></Ntry><Ntry><NtryRef>2025112801665042-1</NtryRef><Amt Ccy="EUR">60.00</Amt><CdtDbtInd>DBIT</CdtDbtInd><Sts>BOOK</Sts><BookgDt><Dt>2025-11-28</Dt></BookgDt><ValDt><Dt>2025-11-28</Dt></ValDt><AcctSvcrRef>2025112801665042-1</AcctSvcrRef><BkTxCd><Domn><Cd>PMNT</Cd><Fmly><Cd>ICDT</Cd><SubFmlyCd>ESCT</SubFmlyCd></Fmly></Domn><Prtry><Cd>MK</Cd><Issr>Swedbank AB</Issr></Prtry></BkTxCd><NtryDtls><TxDtls><Refs><AcctSvcrRef>2025112801665042-1</AcctSvcrRef><InstrId>70</InstrId></Refs><AmtDtls><InstdAmt><Amt Ccy="EUR">60.00</Amt></InstdAmt><TxAmt><Amt Ccy="EUR">60.00</Amt></TxAmt></AmtDtls><RltdPties><Cdtr><Nm>Jelena Tutkiene</Nm></Cdtr><CdtrAcct><Id><IBAN>LT957044000451612446</IBAN></Id></CdtrAcct></RltdPties><RltdAgts><CdtrAgt><FinInstnId><BIC>CBVILT2XXXX</BIC></FinInstnId></CdtrAgt></RltdAgts><RmtInf><Ustrd>grazinimas</Ustrd></RmtInf></TxDtls></NtryDtls></Ntry></Stmt></BkToCstmrStmt></Document>